
%-----------------------53 analysis set articles

%eco
@article{johnson2018making,
  title={Making do with less: must sparse data preclude informed harvest strategies for European waterbirds?},
  author={Johnson, Fred A and Alhainen, Mikko and Fox, Anthony D and Madsen, Jesper and Guillemain, Matthieu},
  journal={Ecological applications},
  volume={28},
  number={2},
  pages={427--441},
  year={2018},
  publisher={Wiley Online Library}
}



%eco
@article{cooke2014out,
  title={Out-of-sample validation for structured expert judgment of Asian carp establishment in Lake Erie},
  author={Cooke, Roger M and Wittmann, Marion E and Lodge, David M and Rothlisberger, John D and Rutherford, Edward S and Zhang, Hongyan and Mason, Doran M},
  journal={Integrated Environmental Assessment and Management},
  volume={10},
  number={4},
  pages={522--528},
  year={2014},
  publisher={Wiley Online Library}
}

%eco
@article{li2012preliminary,
  title={Preliminary strategic environmental assessment of the Great Western Development Strategy: safeguarding ecological security for a new western China},
  author={Li, Wei and Liu, Yan-ju and Yang, Zhifeng},
  journal={Environmental management},
  volume={49},
  number={2},
  pages={483--501},
  year={2012},
  publisher={Springer}
}

%safety
@article{klas2010support,
  title={Support planning and controlling of early quality assurance by combining expert judgment and defect dataâ€”a case study},
  author={Kl{\"a}s, Michael and Nakao, Haruka and Elberzhager, Frank and M{\"u}nch, J{\"u}rgen},
  journal={Empirical Software Engineering},
  volume={15},
  number={4},
  pages={423--454},
  year={2010},
  publisher={Springer}
}

%method
@article{mak1996aggregating,
  title={Aggregating and updating experts' knowledge: an experimental evaluation of five classification techniques},
  author={Mak, Brenda and Bui, Tung and Blanning, Robert},
  journal={Expert systems with Applications},
  volume={10},
  number={2},
  pages={233--241},
  year={1996},
  publisher={Elsevier}
}

%safety
@article{zio1997accounting,
  title={Accounting for expert-to-expert variability: a potential source of bias in performance assessments of high-level radioactive waste repositories},
  author={Zio, E and Apostolakis, GE},
  journal={Annals of Nuclear Energy},
  volume={24},
  number={10},
  pages={751--762},
  year={1997},
  publisher={Elsevier}
}

%polit
@article{hurley2002combining,
  title={Combining expert judgment: On the performance of trimmed mean vote aggregation procedures in the presence of strategic voting},
  author={Hurley, WJ and Lior, DU},
  journal={European Journal of Operational Research},
  volume={140},
  number={1},
  pages={142--147},
  year={2002},
  publisher={Elsevier}
}

%method
@article{petrovic2006fuzzy,
  title={Fuzzy decision support system for demand forecasting with a learning mechanism},
  author={Petrovic, Dobrila and Xie, Ying and Burnham, Keith},
  journal={Fuzzy Sets and Systems},
  volume={157},
  number={12},
  pages={1713--1725},
  year={2006},
  publisher={Elsevier}
}

%market/bus/econ
@article{song2013combining,
  title={Combining statistical and judgmental forecasts via a web-based tourism demand forecasting system},
  author={Song, Haiyan and Gao, Bastian Z and Lin, Vera S},
  journal={International Journal of Forecasting},
  volume={29},
  number={2},
  pages={295--310},
  year={2013},
  publisher={Elsevier}
}

%method
@article{bolger2017deriving,
  title={Deriving the probability of a linear opinion pooling method being superior to a set of alternatives},
  author={Bolger, Donnacha and Houlding, Brett},
  journal={Reliability Engineering \& System Safety},
  volume={158},
  pages={41--49},
  year={2017},
  publisher={Elsevier}
}

%review
@article{clemen2007advances,
  title={Advances in Decision Analysis: Aggregating Probability Distributions},
  author={Clemen, Robert T and Winkler, Robert L},
  year={2007}
}

%polit
@article{graefe2014accuracy,
  title={Accuracy of combined forecasts for the 2012 Presidential Election: The PollyVote},
  author={Graefe, Andreas and Armstrong, J Scott and Jones, Randall J and Cuz{\'a}n, Alfred G},
  journal={PS: Political Science \& Politics},
  volume={47},
  number={2},
  pages={427--431},
  year={2014},
  publisher={Cambridge University Press}
}

%eco
@article{tartakovsky2007probabilistic,
  title={Probabilistic risk analysis in subsurface hydrology},
  author={Tartakovsky, Daniel M},
  journal={Geophysical research letters},
  volume={34},
  number={5},
  year={2007},
  publisher={Wiley Online Library}
}

%eco
@article{morales2017characterization,
  title={Characterization of precipitation through copulas and expert judgement for risk assessment of infrastructure},
  author={Morales-N{\'a}poles, Oswaldo and Paprotny, Dominik and Worm, Dani{\"e}l and Abspoel-Bukman, Linda and Courage, Wim},
  journal={ASCE-ASME Journal of Risk and Uncertainty in Engineering Systems, Part A: Civil Engineering},
  volume={3},
  number={4},
  pages={04017012},
  year={2017},
  publisher={American Society of Civil Engineers}
}

%polit
@article{morgan2014use,
  title={Use (and abuse) of expert elicitation in support of decision making for public policy},
  author={Morgan, M Granger},
  journal={Proceedings of the National academy of Sciences},
  volume={111},
  number={20},
  pages={7176--7184},
  year={2014},
  publisher={National Acad Sciences}
}

%eco
@article{borsuk2004predictive,
  title={Predictive assessment of fish health and fish kills in the Neuse River Estuary using elicited expert judgment},
  author={Borsuk, Mark E},
  journal={Human and Ecological Risk Assessment},
  volume={10},
  number={2},
  pages={415--434},
  year={2004},
  publisher={Taylor \& Francis}
}

%method
@article{cai2016simple,
  title={On a simple and efficient approach to probability distribution function aggregation},
  author={Cai, Mengya and Lin, Yingzi and Han, Bin and Liu, Changjun and Zhang, Wenjun},
  journal={IEEE Transactions on Systems, Man, and Cybernetics: Systems},
  volume={47},
  number={9},
  pages={2444--2453},
  year={2016},
  publisher={IEEE}
}

%method
@article{hanea2018value,
  title={The value of performance weights and discussion in aggregated expert judgments},
  author={Hanea, Anca M and McBride, Marissa F and Burgman, Mark A and Wintle, Bonnie C},
  journal={Risk Analysis},
  volume={38},
  number={9},
  pages={1781--1794},
  year={2018},
  publisher={Wiley Online Library}
}

%econ
@incollection{kabak2008aggregating,
  title={Aggregating forecasts to obtain fuzzy demands},
  author={Kabak, {\"O}zg{\"u}r and {\"U}lengin, F{\"u}sun},
  booktitle={Computational Intelligence In Decision And Control},
  pages={73--78},
  year={2008},
  publisher={World Scientific}
}

%econ
@article{huang2016improving,
  title={Improving forecasting performance by exploiting expert knowledge: Evidence from guangzhou port},
  author={Huang, Anqiang and Qiao, Han and Wang, Shouyang and Liu, John},
  journal={International Journal of Information Technology \& Decision Making},
  volume={15},
  number={02},
  pages={387--401},
  year={2016},
  publisher={World Scientific}
}

%polit
@article{graefe2015accuracy,
  title={Accuracy gains of adding vote expectation surveys to a combined forecast of US presidential election outcomes},
  author={Graefe, Andreas},
  journal={Research \& Politics},
  volume={2},
  number={1},
  pages={2053168015570416},
  year={2015},
  publisher={Sage Publications Sage UK: London, England}
}

%method
@article{satopaa2014probability,
  title={Probability aggregation in time-series: Dynamic hierarchical modeling of sparse expert beliefs},
  author={Satop{\"a}{\"a}, Ville A and Jensen, Shane T and Mellers, Barbara A and Tetlock, Philip E and Ungar, Lyle H and others},
  journal={The Annals of Applied Statistics},
  volume={8},
  number={2},
  pages={1256--1280},
  year={2014},
  publisher={Institute of Mathematical Statistics}
}

%safety
@article{cabello2012combination,
  title={Combination and selection of traffic safety expert judgments for the prevention of driving risks},
  author={Cabello, Enrique and Conde, Cristina and Diego, Isaac and Moguerza, Javier and Redchuk, Andr{\'e}s},
  journal={Sensors},
  volume={12},
  number={11},
  pages={14711--14729},
  year={2012},
  publisher={Multidisciplinary Digital Publishing Institute}
}

%safety
@inproceedings{adams2009acceptability,
  title={An acceptability predictor for websites},
  author={Adams, Ray and White, Anthony and Ceylan, Efe},
  booktitle={International Conference on Universal Access in Human-Computer Interaction},
  pages={628--634},
  year={2009},
  organization={Springer}
}

%safety
@inproceedings{neves2008life,
  title={Life-cycle performance of structures: combining expert judgment and results of inspection},
  author={Neves, LC and Frangopol, D},
  booktitle={Proceedings of the 1st International Symposium on Life-Cycle Civil Engineering (Biondini F and Frangopol D (eds)). CRC Press, Boca Raton, FL, USA},
  pages={409--414},
  year={2008}
}

%polit
@article{graefe2018predicting,
  title={Predicting elections: Experts, polls, and fundamentals},
  author={Graefe, Andreas},
  journal={Judgment and Decision Making},
  volume={13},
  number={4},
  pages={334},
  year={2018},
  publisher={Society for Judgment \& Decision Making}
}

%econ
@article{failing2004using,
  title={Using expert judgment and stakeholder values to evaluate adaptive management options},
  author={Failing, Lee and Horn, Graham and Higgins, Paul},
  journal={Ecology and Society},
  volume={9},
  number={1},
  year={2004},
  publisher={The Resilience Alliance}
}

%pub health
@article{alho1992estimating,
  title={Estimating the strength of expert judgement: the case of US mortality forecasts},
  author={Alho, Juha M},
  journal={Journal of Forecasting},
  volume={11},
  number={2},
  pages={157--167},
  year={1992},
  publisher={Wiley Online Library}
}

%pu health
@article{evans1994use,
  title={Use of probabilistic expert judgment in uncertainty analysis of carcinogenic potency},
  author={Evans, John S and Gray, George M and Sielken, Robert L and Smith, Andrew E and Valdezflores, Ciriaco and Graham, John D},
  journal={Regulatory Toxicology and Pharmacology},
  volume={20},
  number={1},
  pages={15--36},
  year={1994},
  publisher={Elsevier}
}

%safety
@article{jana2019interval,
  title={Interval type-2 fuzzy logic and its application to occupational safety risk performance in industries},
  author={Jana, Dipak Kumar and Pramanik, Sutapa and Sahoo, Palash and Mukherjee, Anupam},
  journal={Soft Computing},
  volume={23},
  number={2},
  pages={557--567},
  year={2019},
  publisher={Springer}
}

%method
@article{hora2015calibration,
  title={Calibration, sharpness and the weighting of experts in a linear opinion pool},
  author={Hora, Stephen C and Karde{\c{s}}, Erim},
  journal={Annals of Operations Research},
  volume={229},
  number={1},
  pages={429--450},
  year={2015},
  publisher={Springer}
}

%eco/weather
@article{abramson1996hailfinder,
  title={Hailfinder: A Bayesian system for forecasting severe weather},
  author={Abramson, Bruce and Brown, John and Edwards, Ward and Murphy, Allan and Winkler, Robert L},
  journal={International Journal of Forecasting},
  volume={12},
  number={1},
  pages={57--71},
  year={1996},
  publisher={Elsevier}
}

%safety
@inproceedings{hathout2016uncertainty,
  title={Uncertainty and Expert Assessment for Supporting Evaluation of Levees Safety},
  author={Hathout, Michel and Vuillet, Marc and Peyras, Laurent and Carvajal, Claudio and Diab, Youssef},
  booktitle={3rd European Conference on Flood Risk Management FLOODrisk 2016},
  pages={6--p},
  year={2016}
}

% safety
@inproceedings{wang2008probabilistic,
  title={Probabilistic inversion techniques in quantitative risk assessment for power system load forecasting},
  author={Wang, Xiaofeng and Du, Chao and Cao, Zuoliang},
  booktitle={2008 International Conference on Information and Automation},
  pages={718--723},
  year={2008},
  organization={IEEE}
}

%safety
@inproceedings{ren2002optimal,
  title={Optimal combined load forecast based on the improved analytic hierarchy process},
  author={Ren-jun, Zhou and Xian-zhong, Duan},
  booktitle={Proceedings. International Conference on Power System Technology},
  volume={2},
  pages={1096--1100},
  year={2002},
  organization={IEEE}
}

%eco / weather
@article{mantyka2014understanding,
  title={Understanding and predicting the combined effects of climate change and land-use change on freshwater macroinvertebrates and fish},
  author={Mantyka-Pringle, Chrystal S and Martin, Tara G and Moffatt, David B and Linke, Simon and Rhodes, Jonathan R},
  journal={Journal of Applied Ecology},
  volume={51},
  number={3},
  pages={572--581},
  year={2014},
  publisher={Wiley Online Library}
}

%eco
@article{kurowicka2010probabilistic,
  title={Probabilistic inversion in priority setting of emerging zoonoses},
  author={Kurowicka, Dorota and Bucura, Catalin and Cooke, Roger and Havelaar, Arie},
  journal={Risk Analysis: An International Journal},
  volume={30},
  number={5},
  pages={715--723},
  year={2010},
  publisher={Wiley Online Library}
}

%method
@article{baldwin2015weighting,
  title={Weighting components of a composite score using na{\"\i}ve expert judgments about their relative importance},
  author={Baldwin, Peter},
  journal={Applied psychological measurement},
  volume={39},
  number={7},
  pages={539--550},
  year={2015},
  publisher={SAGE Publications Sage CA: Los Angeles, CA}
}

%safety
@article{zio1996use,
  title={On the use of the analytic hierarchy process in the aggregation of expert judgments},
  author={Zio, E},
  journal={Reliability Engineering \& System Safety},
  volume={53},
  number={2},
  pages={127--138},
  year={1996},
  publisher={Elsevier}
}

%powr safety
@article{baecke2017investigating,
  title={Investigating the added value of integrating human judgement into statistical demand forecasting systems},
  author={Baecke, Philippe and De Baets, Shari and Vanderheyden, Karlien},
  journal={International Journal of Production Economics},
  volume={191},
  pages={85--96},
  year={2017},
  publisher={Elsevier}
}

%method
@article{seifert2013relative,
  title={On the relative importance of linear model and human judge (s) in combined forecasting},
  author={Seifert, Matthias and Hadida, All{\`e}gre L},
  journal={Organizational Behavior and Human Decision Processes},
  volume={120},
  number={1},
  pages={24--36},
  year={2013},
  publisher={Elsevier}
}

%safety
@article{brito2016bayesian,
  title={A Bayesian approach for predicting risk of autonomous underwater vehicle loss during their missions},
  author={Brito, Mario and Griffiths, Gwyn},
  journal={Reliability Engineering \& System Safety},
  volume={146},
  pages={55--67},
  year={2016},
  publisher={Elsevier}
}

%sports
@article{gu2016expert,
  title={Expert system for ice hockey game prediction: Data mining with human judgment},
  author={Gu, Wei and Saaty, Thomas L and Whitaker, Rozann},
  journal={International Journal of Information Technology \& Decision Making},
  volume={15},
  number={04},
  pages={763--789},
  year={2016},
  publisher={World Scientific}
}

%safety
@article{craig2001bayesian,
  title={Bayesian forecasting for complex systems using computer simulators},
  author={Craig, Peter S and Goldstein, Michael and Rougier, Jonathan C and Seheult, Allan H},
  journal={Journal of the American Statistical Association},
  volume={96},
  number={454},
  pages={717--729},
  year={2001},
  publisher={Taylor \& Francis}
}

%safety
@inproceedings{mu1999multi,
  title={Multi-hierarchical durability assessment of existing reinforced-concrete structures.},
  author={Mu, L and Xianming, W},
  booktitle={Proceedings of the 8th International Conference on Durability ofBuilding Materials and Components},
  pages={49--69},
  year={1999}
}

%polit
@article{graefe2014combining,
  title={Combining forecasts: An application to elections},
  author={Graefe, Andreas and Armstrong, J Scott and Jones Jr, Randall J and Cuz{\'a}n, Alfred G},
  journal={International Journal of Forecasting},
  volume={30},
  number={1},
  pages={43--54},
  year={2014},
  publisher={Elsevier}
}

%method
@article{alvarado2017expertise,
  title={Expertise, credibility of system forecasts and integration methods in judgmental demand forecasting},
  author={Alvarado-Valencia, Jorge and Barrero, Lope H and {\"O}nkal, Dilek and Dennerlein, Jack T},
  journal={International Journal of Forecasting},
  volume={33},
  number={1},
  pages={298--313},
  year={2017},
  publisher={Elsevier}
}

%econ
@article{wang2018bayesian,
  title={Bayesian analytics for estimating risk probability in PPP waste-to-energy projects},
  author={Wang, Liguang and Zhang, Xueqing},
  journal={Journal of Management in Engineering},
  volume={34},
  number={6},
  pages={04018047},
  year={2018},
  publisher={American Society of Civil Engineers}
}

%econ
@article{shin2013robust,
  title={Robust future-oriented technology portfolios: B lack--L itterman approach},
  author={Shin, Juneseuk and Coh, Byoung-Youl and Lee, Changyong},
  journal={R\&D Management},
  volume={43},
  number={5},
  pages={409--419},
  year={2013},
  publisher={Wiley Online Library}
}

%safety
@article{brito2012behavioral,
  title={A behavioral probabilistic risk assessment framework for managing autonomous underwater vehicle deployments},
  author={Brito, Mario and Griffiths, Gwyn and Ferguson, James and Hopkin, David and Mills, Richard and Pederson, Richard and MacNeil, Erin},
  journal={Journal of Atmospheric and Oceanic Technology},
  volume={29},
  number={11},
  pages={1689--1703},
  year={2012}
}

%method
@article{hora2013median,
  title={Median aggregation of distribution functions},
  author={Hora, Stephen C and Fransen, Benjamin R and Hawkins, Natasha and Susel, Irving},
  journal={Decision Analysis},
  volume={10},
  number={4},
  pages={279--291},
  year={2013},
  publisher={INFORMS}
}

%method
@article{baron2014two,
  title={Two reasons to make aggregated probability forecasts more extreme},
  author={Baron, Jonathan and Mellers, Barbara A and Tetlock, Philip E and Stone, Eric and Ungar, Lyle H},
  journal={Decision Analysis},
  volume={11},
  number={2},
  pages={133--145},
  year={2014},
  publisher={INFORMS}
}

%method
@article{franses2011averaging,
  title={Averaging model forecasts and expert forecasts: Why does it work?},
  author={Franses, Philip Hans},
  journal={Interfaces},
  volume={41},
  number={2},
  pages={177--181},
  year={2011},
  publisher={INFORMS}
}
%-----------------------------------------------
@book{armstrong1985long,
  title={Long-range forecasting},
  author={Armstrong, Jon Scott},
  year={1985},
  publisher={Wiley New York ETC.}
}

@article{bunn1985statistical,
  title={Statistical efficiency in the linear combination of forecasts},
  author={Bunn, Derek W},
  journal={International Journal of Forecasting},
  volume={1},
  number={2},
  pages={151--163},
  year={1985},
  publisher={Elsevier}
}
@misc{bunn1979synthesis,
  title={The synthesis of predictive models in marketing research},
  author={Bunn, Derek W},
  year={1979},
  publisher={SAGE Publications Sage CA: Los Angeles, CA}
}


@article{van2007super,
  title={Super learner},
  author={Van der Laan, Mark J and Polley, Eric C and Hubbard, Alan E},
  journal={Statistical applications in genetics and molecular biology},
  volume={6},
  number={1},
  year={2007},
  publisher={De Gruyter}
}

@article{polley2010super,
  title={Super learner in prediction},
  author={Polley, Eric C and Van Der Laan, Mark J},
  year={2010},
  publisher={bepress}
}


@article{loper2002nltk,
  title={NLTK: the natural language toolkit},
  author={Loper, Edward and Bird, Steven},
  journal={arXiv preprint cs/0205028},
  year={2002}
}

@article{willett2006porter,
  title={The Porter stemming algorithm: then and now},
  author={Willett, Peter},
  journal={Program},
  volume={40},
  number={3},
  pages={219--223},
  year={2006},
  publisher={Emerald Group Publishing Limited}
}

@article{cooke1988calibration,
  title={Calibration and information in expert resolution; a classical approach},
  author={Cooke, Roger and Mendel, Max and Thijs, Wim},
  journal={Automatica},
  volume={24},
  number={1},
  pages={87--93},
  year={1988},
  publisher={Elsevier}
}
@book{cooke1991experts,
  title={Experts in uncertainty: opinion and subjective probability in science},
  author={Cooke, Roger and others},
  year={1991},
  publisher={Oxford University Press on Demand}
}

@incollection{cooke2014validating,
  title={Validating expert judgment with the classical model},
  author={Cooke, Roger M},
  booktitle={Experts and Consensus in Social Science},
  pages={191--212},
  year={2014},
  publisher={Springer}
}
@article{clemen2008comment,
  title={Comment on Cooke's classical method},
  author={Clemen, Robert T},
  journal={Reliability Engineering \& System Safety},
  volume={93},
  number={5},
  pages={760--765},
  year={2008},
  publisher={Elsevier}
}


@article{cooke2015aggregation,
  title={The aggregation of expert judgment: do good things come to those who weight?},
  author={Cooke, Roger M},
  journal={Risk Analysis},
  volume={35},
  number={1},
  pages={12--15},
  year={2015},
  publisher={Wiley Online Library}
}

%weather
@article{berrocal2007combining,
  title={Combining spatial statistical and ensemble information in probabilistic weather forecasts},
  author={Berrocal, Veronica J and Raftery, Adrian E and Gneiting, Tilmann},
  journal={Monthly Weather Review},
  volume={135},
  number={4},
  pages={1386--1402},
  year={2007}
}

@article{glahn2009mos,
  title={MOS uncertainty estimates in an ensemble framework},
  author={Glahn, Bob and Peroutka, Matthew and Wiedenfeld, Jerry and Wagner, John and Zylstra, Greg and Schuknecht, Bryan and Jackson, Bryan},
  journal={Monthly Weather Review},
  volume={137},
  number={1},
  pages={246--268},
  year={2009}
}


@article{kleiber2011locally,
  title={Locally calibrated probabilistic temperature forecasting using geostatistical model averaging and local Bayesian model averaging},
  author={Kleiber, William and Raftery, Adrian E and Baars, Jeffrey and Gneiting, Tilmann and Mass, Clifford F and Grimit, Eric},
  journal={Monthly Weather Review},
  volume={139},
  number={8},
  pages={2630--2649},
  year={2011}
}

@inproceedings{ungar2012good,
  title={The good judgment project: A large scale test of different methods of combining expert predictions},
  author={Ungar, Lyle and Mellers, Barbara and Satop{\"a}{\"a}, Ville and Tetlock, Philip and Baron, Jon},
  booktitle={2012 AAAI Fall Symposium Series},
  year={2012}
}

@article{wallis2011combining,
  title={Combining forecasts--forty years later},
  author={Wallis, Kenneth F},
  journal={Applied Financial Economics},
  volume={21},
  number={1-2},
  pages={33--41},
  year={2011},
  publisher={Taylor \& Francis}
}

@article{mellers2014psychological,
  title={Psychological strategies for winning a geopolitical forecasting tournament},
  author={Mellers, Barbara and Ungar, Lyle and Baron, Jonathan and Ramos, Jaime and Gurcay, Burcu and Fincher, Katrina and Scott, Sydney E and Moore, Don and Atanasov, Pavel and Swift, Samuel A and others},
  journal={Psychological science},
  volume={25},
  number={5},
  pages={1106--1115},
  year={2014},
  publisher={Sage Publications Sage CA: Los Angeles, CA}
}



@article{guangliang1996multi,
  title={A Multi-hierarchical Comprehensive Evaluation Model and its Application [J]},
  author={Guangliang, Sun},
  journal={Systems Engineering},
  volume={2},
  year={1996}
}

@book{ayyub2001elicitation,
  title={Elicitation of expert opinions for uncertainty and risks},
  author={Ayyub, Bilal M},
  year={2001},
  publisher={CRC press}
}

@article{yousuf2007using,
  title={Using expertsâ€™ opinions through Delphi technique},
  author={Yousuf, Muhammad Imran},
  journal={Practical assessment, research \& evaluation},
  volume={12},
  number={4},
  pages={1--8},
  year={2007}
}
@article{powell2003delphi,
  title={The Delphi technique: myths and realities},
  author={Powell, Catherine},
  journal={Journal of advanced nursing},
  volume={41},
  number={4},
  pages={376--382},
  year={2003},
  publisher={Wiley Online Library}
}
@article{normand1998eliciting,
  title={Eliciting expert opinion using the Delphi technique: identifying performance indicators for cardiovascular disease},
  author={Normand, Sharon-Lise T and McNeil, Barbara J and Peterson, Laura E and Palmer, R Heather},
  journal={International journal for quality in health care},
  volume={10},
  number={3},
  pages={247--260},
  year={1998},
  publisher={Oxford University Press}
}

%economics
@article{leal2007eliciting,
  title={Eliciting expert opinion for economic models: an applied example},
  author={Leal, Jos{\'e} and Wordsworth, Sarah and Legood, Rosa and Blair, Edward},
  journal={Value in Health},
  volume={10},
  number={3},
  pages={195--203},
  year={2007},
  publisher={Wiley Online Library}
}

%ecological
@article{martin2012eliciting,
  title={Eliciting expert knowledge in conservation science},
  author={Martin, Tara G and Burgman, Mark A and Fidler, Fiona and Kuhnert, Petra M and Low-Choy, SAMANTHA and McBride, Marissa and Mengersen, Kerrie},
  journal={Conservation Biology},
  volume={26},
  number={1},
  pages={29--38},
  year={2012},
  publisher={Wiley Online Library}
}

@article{EVANS199415,
title = "Use of Probabilistic Expert Judgment in Uncertainty Analysis of Carcinogenic Potency",
journal = "Regulatory Toxicology and Pharmacology",
volume = "20",
number = "1",
pages = "15 - 36",
year = "1994",
issn = "0273-2300",
doi = "https://doi.org/10.1006/rtph.1994.1034",
url = "http://www.sciencedirect.com/science/article/pii/S0273230084710348",
author = "J.S. Evans and G.M. Gray and R.L. Sielken and A.E. Smith and C. Valdezflores and J.D. Graham"
}

@article{ZIO1996127,
title = "On the use of the analytic hierarchy process in the aggregation of expert judgments",
journal = "Reliability Engineering \& System Safety",
volume = "53",
number = "2",
pages = "127 - 138",
year = "1996",
issn = "0951-8320",
doi = "https://doi.org/10.1016/0951-8320(96)00060-9",
url = "http://www.sciencedirect.com/science/article/pii/0951832096000609",
author = "E. Zio"
}

@article{BRITO201655,
title = "A Bayesian approach for predicting risk of autonomous underwater vehicle loss during their missions",
journal = "Reliability Engineering \& System Safety",
volume = "146",
pages = "55 - 67",
year = "2016",
issn = "0951-8320",
doi = "https://doi.org/10.1016/j.ress.2015.10.004",
url = "http://www.sciencedirect.com/science/article/pii/S0951832015002860",
author = "Mario Brito and Gwyn Griffiths",
keywords = "Bayesian networks, Survival statistics, Expert judgment elicitation, Autonomous vehicles"
}

@article{edmundson1990decomposition,
  title={Decomposition; a strategy for judgemental forecasting},
  author={Edmundson, RH},
  journal={Journal of Forecasting},
  volume={9},
  number={4},
  pages={305--314},
  year={1990},
  publisher={Wiley Online Library}
}
@article{bunn1991interaction,
  title={Interaction of judgemental and statistical forecasting methods: issues \& analysis},
  author={Bunn, Derek and Wright, George},
  journal={Management science},
  volume={37},
  number={5},
  pages={501--518},
  year={1991},
  publisher={INFORMS}
}
@article{lawrence1992exploring,
  title={Exploring judgemental forecasting},
  author={Lawrence, Michael and O'Connor, Marcus},
  journal={International Journal of Forecasting},
  volume={8},
  number={1},
  pages={15--26},
  year={1992},
  publisher={Elsevier}
}
@article{o1993judgemental,
  title={Judgemental forecasting in times of change},
  author={O'Connor, Marcus and Remus, William and Griggs, Ken},
  journal={International Journal of Forecasting},
  volume={9},
  number={2},
  pages={163--172},
  year={1993},
  publisher={Elsevier}
}

@incollection{armstrong2001combining,
  title={Combining forecasts},
  author={Armstrong, J Scott},
  booktitle={Principles of forecasting},
  pages={417--439},
  year={2001},
  publisher={Springer}
}

@article{bates1969combination,
  title={The combination of forecasts},
  author={Bates, John M and Granger, Clive WJ},
  journal={Journal of the Operational Research Society},
  volume={20},
  number={4},
  pages={451--468},
  year={1969},
  publisher={Taylor \& Francis}
}

@article{granger1984improved,
  title={Improved methods of combining forecasts},
  author={Granger, Clive WJ and Ramanathan, Ramu},
  journal={Journal of forecasting},
  volume={3},
  number={2},
  pages={197--204},
  year={1984},
  publisher={Wiley Online Library}
}

@article{morris1974decision,
  title={Decision analysis expert use},
  author={Morris, Peter A},
  journal={Management Science},
  volume={20},
  number={9},
  pages={1233--1241},
  year={1974},
  publisher={INFORMS}
}

@article{gneiting2013combining,
  title={Combining predictive distributions},
  author={Gneiting, Tilmann and Ranjan, Roopesh and others},
  journal={Electronic Journal of Statistics},
  volume={7},
  pages={1747--1782},
  year={2013},
  publisher={The Institute of Mathematical Statistics and the Bernoulli Society}
}

@article{garratt2019empirically,
  title={Empirically-transformed linear opinion pools},
  author={Garratt, Anthony and Henckel, Timo and Vahey, Shaun P},
  year={2019},
  publisher={CAMA Working Paper}
}

@article{baran2018combining,
  title={Combining predictive distributions for the statistical post-processing of ensemble forecasts},
  author={Baran, S{\'a}ndor and Lerch, Sebastian},
  journal={International Journal of Forecasting},
  volume={34},
  number={3},
  pages={477--496},
  year={2018},
  publisher={Elsevier}
}

@article{bassetti2018bayesian,
  title={Bayesian nonparametric calibration and combination of predictive distributions},
  author={Bassetti, Federico and Casarin, Roberto and Ravazzolo, Francesco},
  journal={Journal of the American Statistical Association},
  volume={113},
  number={522},
  pages={675--685},
  year={2018},
  publisher={Taylor \& Francis}
}


@book{jolliffe2012forecast,
  title={Forecast verification: a practitioner's guide in atmospheric science},
  author={Jolliffe, Ian T and Stephenson, David B},
  year={2012},
  publisher={John Wiley \& Sons}
}
@article{gneiting2011comparing,
  title={Comparing density forecasts using threshold-and quantile-weighted scoring rules},
  author={Gneiting, Tilmann and Ranjan, Roopesh},
  journal={Journal of Business \& Economic Statistics},
  volume={29},
  number={3},
  pages={411--422},
  year={2011},
  publisher={Taylor \& Francis}
}
@article{dawid2007geometry,
  title={The geometry of proper scoring rules},
  author={Dawid, A Philip},
  journal={Annals of the Institute of Statistical Mathematics},
  volume={59},
  number={1},
  pages={77--93},
  year={2007},
  publisher={Springer}
}
@article{gneiting2007strictly,
  title={Strictly proper scoring rules, prediction, and estimation},
  author={Gneiting, Tilmann and Raftery, Adrian E},
  journal={Journal of the American Statistical Association},
  volume={102},
  number={477},
  pages={359--378},
  year={2007},
  publisher={Taylor \& Francis}
}


@article{armstrong1985crystal,
  title={From crystal ball to computer},
  author={Armstrong, J Scott and Forecasting, Long-Range},
  journal={New York ua},
  year={1985}
}
@article{mclaughlin1973forecasters,
  title={The forecasters' batting averages},
  author={McLaughlin, Robert L},
  journal={Business Economics},
  pages={58--59},
  year={1973},
  publisher={JSTOR}
}
@article{fischer1999combining,
  title={Combining forecasts: What information do judges need to outperform the simple average?},
  author={Fischer, Ilan and Harvey, Nigel},
  journal={International journal of forecasting},
  volume={15},
  number={3},
  pages={227--246},
  year={1999},
  publisher={Elsevier}
}

@article{winkler1971probabilistic,
  title={Probabilistic prediction: Some experimental results},
  author={Winkler, Robert L},
  journal={Journal of the American Statistical Association},
  volume={66},
  number={336},
  pages={675--685},
  year={1971},
  publisher={Taylor \& Francis Group}
}

@article{alexander1995refining,
  title={Refining the degree of earnings surprise: A comparison of statistical and analysts' forecasts},
  author={Alexander Jr, John C},
  journal={Financial Review},
  volume={30},
  number={3},
  pages={469--506},
  year={1995},
  publisher={Wiley Online Library}
}
@article{spence1997moderating,
  title={The moderating effects of problem characteristics on expertsâ€™ and novicesâ€™ judgments},
  author={Spence, Mark T and Brucks, Merrie},
  journal={Journal of marketing Research},
  volume={34},
  number={2},
  pages={233--247},
  year={1997},
  publisher={SAGE Publications Sage CA: Los Angeles, CA}
}

@article{lawrence2006judgmental,
  title={Judgmental forecasting: A review of progress over the last 25 years},
  author={Lawrence, Michael and Goodwin, Paul and O'Connor, Marcus and {\"O}nkal, Dilek},
  journal={International Journal of forecasting},
  volume={22},
  number={3},
  pages={493--518},
  year={2006},
  publisher={Elsevier}
}
@article{armstrong1983relative,
  title={Relative accuracy of judgemental and extrapolative methods in forecasting annual earnings},
  author={Armstrong, J Scott},
  journal={Journal of Forecasting},
  volume={2},
  number={4},
  pages={437--447},
  year={1983},
  publisher={Wiley Online Library}
}
@article{hogarth1975cognitive,
  title={Cognitive processes and the assessment of subjective probability distributions},
  author={Hogarth, Robin M},
  journal={Journal of the American statistical Association},
  volume={70},
  number={350},
  pages={271--289},
  year={1975},
  publisher={Taylor \& Francis}
}
@article{keeney1976group,
  title={A group preference axiomatization with cardinal utility},
  author={Keeney, Ralph L},
  journal={Management Science},
  volume={23},
  number={2},
  pages={140--145},
  year={1976},
  publisher={INFORMS}
}

@book{hammond2001essential,
  title={The essential Brunswik: Beginnings, explications, applications},
  author={Hammond, Kenneth R and Stewart, Thomas R},
  year={2001},
  publisher={Oxford University Press}
}

@incollection{armstrong2001judgmental,
  title={Judgmental bootstrapping: Inferring expertsâ€™ rules for forecasting},
  author={Armstrong, J Scott},
  booktitle={Principles of forecasting},
  pages={171--192},
  year={2001},
  publisher={Springer}
}

@article{ranjan2010combining,
  title={Combining probability forecasts},
  author={Ranjan, Roopesh and Gneiting, Tilmann},
  journal={Journal of the Royal Statistical Society: Series B (Statistical Methodology)},
  volume={72},
  number={1},
  pages={71--91},
  year={2010},
  publisher={Wiley Online Library}
}

@article{french2011aggregating,
  title={Aggregating expert judgement},
  author={French, Simon},
  journal={Revista de la Real Academia de Ciencias Exactas, Fisicas y Naturales. Serie A. Matematicas},
  volume={105},
  number={1},
  pages={181--206},
  year={2011},
  publisher={Springer}
}

@article{dawid1995coherent,
  title={Coherent combination of experts' opinions},
  author={Dawid, AP and DeGroot, MH and Mortera, J and Cooke, Roger and French, S and Genest, C and Schervish, MJ and Lindley, DV and McConway, KJ and Winkler, RL},
  journal={Test},
  volume={4},
  number={2},
  pages={263--313},
  year={1995},
  publisher={Springer}
}

@article{winkler1968consensus,
  title={The consensus of subjective probability distributions},
  author={Winkler, Robert L},
  journal={Management Science},
  volume={15},
  number={2},
  pages={B--61},
  year={1968},
  publisher={INFORMS}
}

@article{genest1986combining,
  title={Combining probability distributions: A critique and an annotated bibliography},
  author={Genest, Christian and Zidek, James V and others},
  journal={Statistical Science},
  volume={1},
  number={1},
  pages={114--135},
  year={1986},
  publisher={Institute of Mathematical Statistics}
}

@article{winkler1981combining,
  title={Combining probability distributions from dependent information sources},
  author={Winkler, Robert L},
  journal={Management Science},
  volume={27},
  number={4},
  pages={479--488},
  year={1981},
  publisher={INFORMS}
}

@article{stone1961opinion,
  title={The opinion pool},
  author={Stone, Mervyn},
  journal={The Annals of Mathematical Statistics},
  pages={1339--1342},
  year={1961},
  publisher={JSTOR}
}
@article{clemen1999combining,
  title={Combining probability distributions from experts in risk analysis},
  author={Clemen, Robert T and Winkler, Robert L},
  journal={Risk analysis},
  volume={19},
  number={2},
  pages={187--203},
  year={1999a},
  publisher={Springer}
}

@article{galton1907vox,
  title={Vox populi (the wisdom of crowds)},
  author={Galton, Francis},
  journal={Nature},
  volume={75},
  number={7},
  pages={450--451},
  year={1907}
}



@article{jin2007research,
  title={Research progress on the durability design and life prediction of concrete structures.},
  author={Jin, Weiliang and Lu, Qingfang and Gan, Weizhong},
  journal={Jianzhu Jiegou Xuebao/Journal of Building Structures},
  volume={28},
  number={1},
  pages={7--13},
  year={2007}
}


@article{ ISI:000456351800095,
Author = {Tang, Lei and Wang, Xifan and Wang, Xiuli and Shao, Chengcheng and Liu,
   Shiyu and Tian, Shijun},
Title = {{Long-term electricity consumption forecasting based on expert prediction
   and fuzzy Bayesian theory}},
Journal = {{ENERGY}},
Year = {{2019}},
Volume = {{167}},
Pages = {{1144-1154}},
Month = {{JAN 15}},
DOI = {{10.1016/j.energy.2018.10.073}},
ISSN = {{0360-5442}},
EISSN = {{1873-6785}},
Times-Cited = {{0}},
Unique-ID = {{ISI:000456351800095}},
}

@article{ ISI:000454302600006,
Author = {Arieli, Itai and Babichenko, Yakov and Smorodinsky, Rann},
Title = {{Robust forecast aggregation}},
Journal = {{PROCEEDINGS OF THE NATIONAL ACADEMY OF SCIENCES OF THE UNITED STATES OF
   AMERICA}},
Year = {{2018}},
Volume = {{115}},
Number = {{52}},
Pages = {{E12135-E12143}},
Month = {{DEC 26}},
DOI = {{10.1073/pnas.1813934115}},
ISSN = {{0027-8424}},
Times-Cited = {{0}},
Unique-ID = {{ISI:000454302600006}},
}

@article{ ISI:000454097600001,
Author = {Christophersen, Annemarie and Deligne, I, Natalia and Hanea, Anca M. and
   Chardot, Lauriane and Fournier, Nicolas and Aspinall, Willy P.},
Title = {{Bayesian Network Modeling and Expert Elicitation for Probabilistic Eruption Forecasting: Pilot Study for Whakaari/White Island, New Zealand}},
Journal = {{FRONTIERS IN EARTH SCIENCE}},
Year = {{2018}},
Volume = {{6}},
Month = {{NOV 22}},
DOI = {{10.3389/feart.2018.00211}},
Article-Number = {{UNSP 211}},
ISSN = {{2296-6463}},
Times-Cited = {{0}},
Unique-ID = {{ISI:000454097600001}},
}

%ecological
@article{ ISI:000433208600001,
Author = {Bebbington, Mark S. and Stirling, Mark W. and Cronin, Shane and Wang,
   Ting and Jolly, Gill},
Title = {{National-level long-term eruption forecasts by expert elicitation}},
Journal = {{BULLETIN OF VOLCANOLOGY}},
Year = {{2018}},
Volume = {{80}},
Number = {{6}},
Month = {{JUN}},
DOI = {{10.1007/s00445-018-1230-4}},
Article-Number = {{56}},
ISSN = {{0258-8900}},
EISSN = {{1432-0819}},
ORCID-Numbers = {{Bebbington, Mark/0000-0003-3504-7418
   Cronin, Shane/0000-0001-7499-603X}},
Times-Cited = {{1}},
Unique-ID = {{ISI:000433208600001}},
}

@article{ ISI:000415721300002,
Author = {Lohre, Erik and Teigen, Karl Halvor},
Title = {{Probabilities Associated with Precise and Vague Forecasts}},
Journal = {{JOURNAL OF BEHAVIORAL DECISION MAKING}},
Year = {{2017}},
Volume = {{30}},
Number = {{5}},
Pages = {{1014-1026}},
Month = {{DEC}},
DOI = {{10.1002/bdm.2021}},
ISSN = {{0894-3257}},
EISSN = {{1099-0771}},
Times-Cited = {{4}},
Unique-ID = {{ISI:000415721300002}},
}

@article{ ISI:000412034800004,
Author = {Rae, Andrew and Alexander, Rob},
Title = {{Forecasts or fortune-telling: When are expert judgements of safety risk
   valid?}},
Journal = {{SAFETY SCIENCE}},
Year = {{2017}},
Volume = {{99}},
Number = {{B, SI}},
Pages = {{156-165}},
Month = {{NOV}},
DOI = {{10.1016/j.ssci.2017.02.018}},
ISSN = {{0925-7535}},
EISSN = {{1879-1042}},
ORCID-Numbers = {{Rae, Andrew/0000-0002-9540-503X}},
Times-Cited = {{5}},
Unique-ID = {{ISI:000412034800004}},
}

@article{ ISI:000411097600002,
Author = {Cai, Mengya and Lin, Yingzi and Han, Bin and Liu, Changjun and Zhang,
   Wenjun},
Title = {{On a Simple and Efficient Approach to Probability Distribution Function
   Aggregation}},
Journal = {{IEEE TRANSACTIONS ON SYSTEMS MAN CYBERNETICS-SYSTEMS}},
Year = {{2017}},
Volume = {{47}},
Number = {{9}},
Pages = {{2444-2453}},
Month = {{SEP}},
DOI = {{10.1109/TSMC.2016.2531647}},
ISSN = {{2168-2216}},
Times-Cited = {{8}},
Unique-ID = {{ISI:000411097600002}},
}

@article{ ISI:000395831200021,
Author = {Liu, Bidong and Nowotarski, Jakub and Hong, Tao and Weron, Rafal},
Title = {{Probabilistic Load Forecasting via Quantile Regression Averaging on
   Sister Forecasts}},
Journal = {{IEEE TRANSACTIONS ON SMART GRID}},
Year = {{2017}},
Volume = {{8}},
Number = {{2}},
Pages = {{730-737}},
Month = {{MAR}},
DOI = {{10.1109/TSG.2015.2437877}},
ISSN = {{1949-3053}},
EISSN = {{1949-3061}},
ORCID-Numbers = {{Hong, Tao/0000-0003-2421-7290
   Weron, Rafal/0000-0003-1619-5239}},
Times-Cited = {{24}},
Unique-ID = {{ISI:000395831200021}},
}

@article{ ISI:000393819300010,
Author = {Pauwels, Laurent L. and Vasnev, Andrey L.},
Title = {{Forecast combination for discrete choice models: predicting FOMC
   monetary policy decisions}},
Journal = {{EMPIRICAL ECONOMICS}},
Year = {{2017}},
Volume = {{52}},
Number = {{1}},
Pages = {{229-254}},
Month = {{FEB}},
DOI = {{10.1007/s00181-016-1080-x}},
ISSN = {{0377-7332}},
EISSN = {{1435-8921}},
Times-Cited = {{0}},
Unique-ID = {{ISI:000393819300010}},
}

%ecological
@article{ ISI:000392679800009,
Author = {Durbach, Ian and Merven, Bruno and McCall, Bryce},
Title = {{Expert elicitation of autocorrelated time series with application to e3
   (energy-environment-economic) forecasting models}},
Journal = {{ENVIRONMENTAL MODELLING \& SOFTWARE}},
Year = {{2017}},
Volume = {{88}},
Pages = {{93-105}},
Month = {{FEB}},
DOI = {{10.1016/j.envsoft.2016.11.007}},
ISSN = {{1364-8152}},
EISSN = {{1873-6726}},
ORCID-Numbers = {{Durbach, Ian/0000-0003-0769-2153}},
Times-Cited = {{4}},
Unique-ID = {{ISI:000392679800009}},
}

@article{ ISI:000391078100005,
Author = {Bolger, Donnacha and Houlding, Brett},
Title = {{Deriving the probability of a linear opinion pooling method being
   superior to a set of alternatives}},
Journal = {{RELIABILITY ENGINEERING \& SYSTEM SAFETY}},
Year = {{2017}},
Volume = {{158}},
Pages = {{41-49}},
Month = {{FEB}},
DOI = {{10.1016/j.ress.2016.10.008}},
ISSN = {{0951-8320}},
EISSN = {{1879-0836}},
Times-Cited = {{0}},
Unique-ID = {{ISI:000391078100005}},
}

@article{ ISI:000391080300019,
Author = {Hanea, A. M. and McBride, M. F. and Burgman, M. A. and Wintle, B. C. and
   Fidler, F. and Flander, L. and Twardy, C. R. and Manning, B. and
   Mascaro, S.},
Title = {{InvestigateDiscussEstimateAggregate for structured expert judgement}},
Journal = {{INTERNATIONAL JOURNAL OF FORECASTING}},
Year = {{2017}},
Volume = {{33}},
Number = {{1}},
Pages = {{267-279}},
Month = {{JAN-MAR}},
DOI = {{10.1016/j.ijforecast.2016.02.008}},
ISSN = {{0169-2070}},
EISSN = {{1872-8200}},
ORCID-Numbers = {{Hanea, Anca/0000-0003-3870-5949}},
Times-Cited = {{10}},
Unique-ID = {{ISI:000391080300019}},
}

@article{ ISI:000391080300023,
Author = {Wilson, Kevin J.},
Title = {{An investigation of dependence in expert judgement studies with multiple
   experts}},
Journal = {{INTERNATIONAL JOURNAL OF FORECASTING}},
Year = {{2017}},
Volume = {{33}},
Number = {{1}},
Pages = {{325-336}},
Month = {{JAN-MAR}},
DOI = {{10.1016/j.ijforecast.2015.11.014}},
ISSN = {{0169-2070}},
EISSN = {{1872-8200}},
Times-Cited = {{5}},
Unique-ID = {{ISI:000391080300023}},
}

@article{ ISI:000391900700031,
Author = {Satopaa, Ville A. and Pemantle, Robin and Ungar, Lyle H.},
Title = {{Modeling Probability Forecasts via Information Diversity}},
Journal = {{JOURNAL OF THE AMERICAN STATISTICAL ASSOCIATION}},
Year = {{2016}},
Volume = {{111}},
Number = {{516}},
Pages = {{1623-1633}},
Month = {{DEC}},
DOI = {{10.1080/01621459.2015.1100621}},
ISSN = {{0162-1459}},
EISSN = {{1537-274X}},
Times-Cited = {{3}},
Unique-ID = {{ISI:000391900700031}},
}

@article{ ISI:000389612400020,
Author = {Goodie, Adam S. and Meisel, Matthew K. and Ceren, Roi and Hall, Daniel
   B. and Doshi, Prashant},
Title = {{Evaluating and Improving Probability Assessment in an Ambiguous,
   Sequential Environment}},
Journal = {{CURRENT PSYCHOLOGY}},
Year = {{2016}},
Volume = {{35}},
Number = {{4}},
Pages = {{667-673}},
Month = {{DEC}},
DOI = {{10.1007/s12144-015-9335-9}},
ISSN = {{1046-1310}},
EISSN = {{1936-4733}},
Times-Cited = {{0}},
Unique-ID = {{ISI:000389612400020}},
}

@article{ ISI:000388214700001,
Author = {Fard, Mahtab Jahanbani and Wang, Ping and Chawla, Sanjay and Reddy,
   Chandan K.},
Title = {{A Bayesian Perspective on Early Stage Event Prediction in Longitudinal
   Data}},
Journal = {{IEEE TRANSACTIONS ON KNOWLEDGE AND DATA ENGINEERING}},
Year = {{2016}},
Volume = {{28}},
Number = {{12}},
Pages = {{3126-3139}},
Month = {{DEC 1}},
DOI = {{10.1109/TKDE.2016.2608347}},
ISSN = {{1041-4347}},
EISSN = {{1558-2191}},
Times-Cited = {{6}},
Unique-ID = {{ISI:000388214700001}},
}

@article{ ISI:000386420800021,
Author = {Ernst, Philip and Pemantle, Robin and Satopaa, Ville and Ungar, Lyle},
Title = {{Bayesian aggregation of two forecasts in the partial information
   framework}},
Journal = {{STATISTICS \& PROBABILITY LETTERS}},
Year = {{2016}},
Volume = {{119}},
Pages = {{170-180}},
Month = {{DEC}},
DOI = {{10.1016/j.spl.2016.07.018}},
ISSN = {{0167-7152}},
EISSN = {{1879-2103}},
Times-Cited = {{1}},
Unique-ID = {{ISI:000386420800021}},
}

@article{ ISI:000385414600008,
Author = {Chang, Welton and Chen, Eva and Mellers, Barbara and Tetlock, Philip},
Title = {{Developing expert political judgment: The impact of training and
   practice on judgmental accuracy in geopolitical forecasting tournaments}},
Journal = {{JUDGMENT AND DECISION MAKING}},
Year = {{2016}},
Volume = {{11}},
Number = {{5}},
Pages = {{509-526}},
Month = {{SEP}},
ISSN = {{1930-2975}},
Times-Cited = {{7}},
Unique-ID = {{ISI:000385414600008}},
}

@article{ ISI:000383059600007,
Author = {Pfeifer, Phillip E.},
Title = {{The promise of pick-the-winners contests for producing crowd probability
   forecasts}},
Journal = {{THEORY AND DECISION}},
Year = {{2016}},
Volume = {{81}},
Number = {{2}},
Pages = {{255-278}},
Month = {{AUG}},
DOI = {{10.1007/s11238-015-9533-9}},
ISSN = {{0040-5833}},
EISSN = {{1573-7187}},
Times-Cited = {{0}},
Unique-ID = {{ISI:000383059600007}},
}

@incollection{ ISI:000376609200005,
Author = {Kaczmarek, Katarzyna and Hryniewicz, Olgierd},
Editor = {{DeTre, G and Grzegorzewski, P and Kacprzyk, J and Owsinski, JW and Penczek, W and Zadrozny, S}},
Title = {{Forecasting of Short Time Series with Intelligent Computing}},
Booktitle = {{CHALLENGING PROBLEMS AND SOLUTIONS IN INTELLIGENT SYSTEMS}},
Series = {{Studies in Computational Intelligence}},
Year = {{2016}},
Volume = {{634}},
Pages = {{59-74}},
DOI = {{10.1007/978-3-319-30165-5\_4}},
ISSN = {{1860-949X}},
ISBN = {{978-3-319-30165-5; 978-3-319-30164-8}},
ORCID-Numbers = {{Hryniewicz, Olgierd/0000-0001-9877-508X}},
Times-Cited = {{0}},
Unique-ID = {{ISI:000376609200005}},
}

@article{ ISI:000365867100023,
Author = {Leonelli, Manuele and Smith, James Q.},
Title = {{Bayesian decision support for complex systems with many distributed
   experts}},
Journal = {{ANNALS OF OPERATIONS RESEARCH}},
Year = {{2015}},
Volume = {{235}},
Number = {{1}},
Pages = {{517-542}},
Month = {{DEC}},
DOI = {{10.1007/s10479-015-1957-7}},
ISSN = {{0254-5330}},
EISSN = {{1572-9338}},
ORCID-Numbers = {{Leonelli, Manuele/0000-0002-2562-5192}},
Times-Cited = {{4}},
Unique-ID = {{ISI:000365867100023}},
}

@article{ ISI:000357816400004,
Author = {Legerstee, Rianne and Franses, Philip Hans},
Title = {{Does Disagreement Amongst Forecasters Have Predictive Value?}},
Journal = {{JOURNAL OF FORECASTING}},
Year = {{2015}},
Volume = {{34}},
Number = {{4}},
Pages = {{290-302}},
Month = {{JUL}},
DOI = {{10.1002/for.2330}},
ISSN = {{0277-6693}},
EISSN = {{1099-131X}},
Times-Cited = {{1}},
Unique-ID = {{ISI:000357816400004}},
}

@article{howe2006rise,
  title={The rise of crowdsourcing},
  author={Howe, Jeff},
  journal={Wired magazine},
  volume={14},
  number={6},
  pages={1--4},
  year={2006}
}

@article{wolpert1992stacked,
  title={Stacked generalization},
  author={Wolpert, David H},
  journal={Neural networks},
  volume={5},
  number={2},
  pages={241--259},
  year={1992},
  publisher={Elsevier}
}


@article{wang2011comparative,
  title={A comparative assessment of ensemble learning for credit scoring},
  author={Wang, Gang and Hao, Jinxing and Ma, Jian and Jiang, Hongbing},
  journal={Expert systems with applications},
  volume={38},
  number={1},
  pages={223--230},
  year={2011},
  publisher={Elsevier}
}

@incollection{che2011decision,
  title={Decision tree and ensemble learning algorithms with their applications in bioinformatics},
  author={Che, Dongsheng and Liu, Qi and Rasheed, Khaled and Tao, Xiuping},
  booktitle={Software tools and algorithms for biological systems},
  pages={191--199},
  year={2011},
  publisher={Springer}
}

@article{sakkis2001stacking,
  title={Stacking classifiers for anti-spam filtering of e-mail},
  author={Sakkis, Georgios and Androutsopoulos, Ion and Paliouras, Georgios and Karkaletsis, Vangelis and Spyropoulos, Constantine D and Stamatopoulos, Panagiotis},
  journal={arXiv preprint cs/0106040},
  year={2001}
}

@inproceedings{syarif2012application,
  title={Application of bagging, boosting and stacking to intrusion detection},
  author={Syarif, Iwan and Zaluska, Ed and Prugel-Bennett, Adam and Wills, Gary},
  booktitle={International Workshop on Machine Learning and Data Mining in Pattern Recognition},
  pages={593--602},
  year={2012},
  organization={Springer}
}


@article{dvzeroski2004combining,
  title={Is combining classifiers with stacking better than selecting the best one?},
  author={D{\v{z}}eroski, Saso and {\v{Z}}enko, Bernard},
  journal={Machine learning},
  volume={54},
  number={3},
  pages={255--273},
  year={2004},
  publisher={Springer}
}

@article{ting1999issues,
  title={Issues in stacked generalization},
  author={Ting, Kai Ming and Witten, Ian H},
  journal={Journal of artificial intelligence research},
  volume={10},
  pages={271--289},
  year={1999}
}

%need to find this one
@inproceedings{ ISI:000380543400053,
Author = {Krikstolaitis, R. and Lutynska, A. E. and Peciulyte, S. and Zutautaite,
   I.},
Editor = {{Nowakowski, T and Mlynczak, M and JodejkoPietruczuk, A and WerbinskaWojciechowska, S}},
Title = {{Involvement of expert judgement in dynamic model}},
Booktitle = {{Safety and Reliability: Methodology and Applications}},
Year = {{2015}},
Pages = {{393-397}},
Note = {{PROCEEDINGS OF THE EUROPEAN SAFETY AND RELIABILITY CONFERENCE (ESREL),
   Wroclaw, POLAND, SEP 14-18, 2014}},
ISBN = {{978-1-315-73697-6; 978-1-138-02681-0}},
ORCID-Numbers = {{Krikstolaitis, Ricardas/0000-0001-9556-4121
   Zutautaite, Inga/0000-0002-6073-2823}},
Times-Cited = {{0}},
Unique-ID = {{ISI:000380543400053}},
}

@article{ ISI:000344321900016,
Author = {Billari, Francesco C. and Graziani, Rebecca and Melilli, Eugenio},
Title = {{Stochastic Population Forecasting Based on Combinations of Expert
   Evaluations Within the Bayesian Paradigm}},
Journal = {{DEMOGRAPHY}},
Year = {{2014}},
Volume = {{51}},
Number = {{5}},
Pages = {{1933-1954}},
Month = {{OCT}},
DOI = {{10.1007/s13524-014-0318-5}},
ISSN = {{0070-3370}},
EISSN = {{1533-7790}},
ORCID-Numbers = {{Billari, Francesco C./0000-0003-4717-6129}},
Times-Cited = {{7}},
Unique-ID = {{ISI:000344321900016}},
}

@article{ ISI:000342407200025,
Author = {Satopaa, Ville A. and Jensen, Shane T. and Mellers, Barbara A. and
   Tetlock, Philip E. and Ungar, Lyle H.},
Title = {{PROBABILITY AGGREGATION IN TIME-SERIES: DYNAMIC HIERARCHICAL MODELING OF
   SPARSE EXPERT BELIEFS}},
Journal = {{ANNALS OF APPLIED STATISTICS}},
Year = {{2014}},
Volume = {{8}},
Number = {{2}},
Pages = {{1256-1280}},
Month = {{JUN}},
DOI = {{10.1214/14-AOAS739}},
ISSN = {{1932-6157}},
Times-Cited = {{7}},
Unique-ID = {{ISI:000342407200025}},
}

@article{ ISI:000333142900001,
Author = {Kenny, Geoff and Kostka, Thomas and Masera, Federico},
Title = {{How Informative are the Subjective Density Forecasts of Macroeconomists?}},
Journal = {{JOURNAL OF FORECASTING}},
Year = {{2014}},
Volume = {{33}},
Number = {{3}},
Pages = {{163-185}},
Month = {{APR}},
DOI = {{10.1002/for.2281}},
ISSN = {{0277-6693}},
EISSN = {{1099-131X}},
Times-Cited = {{6}},
Unique-ID = {{ISI:000333142900001}},
}

@article{ ISI:000328443900014,
Author = {Navarro-Barrientos, J. -Emeterio and Armbruster, Dieter and Li, Hongmin
   and Dempsey, Morgan and Kempf, Karl G.},
Title = {{Characterization and analysis of sales data for the semiconductor
   market: An expert system approach}},
Journal = {{EXPERT SYSTEMS WITH APPLICATIONS}},
Year = {{2014}},
Volume = {{41}},
Number = {{3, SI}},
Pages = {{893-903}},
Month = {{FEB 15}},
DOI = {{10.1016/j.eswa.2013.08.020}},
ISSN = {{0957-4174}},
EISSN = {{1873-6793}},
Times-Cited = {{2}},
Unique-ID = {{ISI:000328443900014}},
}

@article{ ISI:000327676900001,
Author = {Sarin, Rakesh K.},
Title = {{Median Aggregation, Scoring Rules, Expert Forecasts, Choices with Binary
   Attributes, Portfolio with Dependent Projects, and Information Security}},
Journal = {{DECISION ANALYSIS}},
Year = {{2013}},
Volume = {{10}},
Number = {{4}},
Pages = {{277-278}},
Month = {{DEC}},
DOI = {{10.1287/deca.2013.0284}},
ISSN = {{1545-8490}},
EISSN = {{1545-8504}},
Times-Cited = {{1}},
Unique-ID = {{ISI:000327676900001}},
}

@article{ ISI:000327676900004,
Author = {Karvetski, Christopher W. and Olson, Kenneth C. and Mandel, David R. and
   Twardy, Charles R.},
Title = {{Probabilistic Coherence Weighting for Optimizing Expert Forecasts}},
Journal = {{DECISION ANALYSIS}},
Year = {{2013}},
Volume = {{10}},
Number = {{4}},
Pages = {{305-326}},
Month = {{DEC}},
DOI = {{10.1287/deca.2013.0279}},
ISSN = {{1545-8490}},
EISSN = {{1545-8504}},
ORCID-Numbers = {{Mandel, David/0000-0003-1036-2286}},
Times-Cited = {{12}},
Unique-ID = {{ISI:000327676900004}},
}

@article{ ISI:000322221400013,
Author = {Savelli, Sonia and Joslyn, Susan},
Title = {{The Advantages of Predictive Interval Forecasts for Non-Expert Users and
   the Impact of Visualizations}},
Journal = {{APPLIED COGNITIVE PSYCHOLOGY}},
Year = {{2013}},
Volume = {{27}},
Number = {{4}},
Pages = {{527-541}},
Month = {{JUL}},
DOI = {{10.1002/acp.2932}},
ISSN = {{0888-4080}},
Times-Cited = {{22}},
Unique-ID = {{ISI:000322221400013}},
}

@article{ ISI:000321603000008,
Author = {Lichtendahl, Jr., Kenneth C. and Grushka-Cockayne, Yael and Winkler,
   Robert L.},
Title = {{Is It Better to Average Probabilities or Quantiles?}},
Journal = {{MANAGEMENT SCIENCE}},
Year = {{2013}},
Volume = {{59}},
Number = {{7}},
Pages = {{1594-1611}},
Month = {{JUL}},
DOI = {{10.1287/mnsc.1120.1667}},
ISSN = {{0025-1909}},
Times-Cited = {{21}},
Unique-ID = {{ISI:000321603000008}},
}

% need to find
@inproceedings{ ISI:000337804600078,
Author = {Goto, Junichi and Kawamura, Hideki and Chapman, Neil},
Book-Group-Author = {{ASME}},
Title = {{TECTONIC RISK FORECASTING THROUGH EXPERT ELICITATION FOR GEOLOGICAL
   REPOSITORIES: THE TOPAZ PROJECT}},
Booktitle = {{ASME 2013 15TH INTERNATIONAL CONFERENCE ON ENVIRONMENTAL REMEDIATION AND
   RADIOACTIVE WASTE MANAGEMENT, VOL 1: LOW/INTERMEDIATE-LEVEL RADIOACTIVE
   WASTE MANAGEMENT; SPENT FUEL, FISSILE MATERIAL, TRANSURANIC AND
   HIGH-LEVEL RADIOACTIVE WASTE MANAGEMENT}},
Year = {{2013}},
Note = {{ASME 15th International Conference on Environmental Remediation and
   Radioactive Waste Management, Brussels, BELGIUM, SEP 08-12, 2013}},
DOI = {{10.1115/ICEM2013-96096}},
ISBN = {{978-0-7918-5601-7}},
Times-Cited = {{0}},
Unique-ID = {{ISI:000337804600078}},
}

@article{ ISI:000324343100006,
Author = {Zhang, Chi and Wang, Hong and Wang, Hong and Wu, Mian-Hong},
Title = {{EEG-based expert system using complexity measures and probability
   density function control in alpha sub-band}},
Journal = {{INTEGRATED COMPUTER-AIDED ENGINEERING}},
Year = {{2013}},
Volume = {{20}},
Number = {{4}},
Pages = {{391-405}},
DOI = {{10.3233/ICA-130439}},
ISSN = {{1069-2509}},
EISSN = {{1875-8835}},
Times-Cited = {{27}},
Unique-ID = {{ISI:000324343100006}},
}

%ecological
@article{ ISI:000313593200011,
Author = {Pappenberger, Florian and Stephens, Elisabeth and Thielen, Jutta and
   Salamon, Peter and Demeritt, David and vanAndel, Schalk Jan and
   Wetterhall, Fredrik and Alfieri, Lorenzo},
Title = {{Visualizing probabilistic flood forecast information: expert preferences
   and perceptions of best practice in uncertainty communication}},
Journal = {{HYDROLOGICAL PROCESSES}},
Year = {{2013}},
Volume = {{27}},
Number = {{1, SI}},
Pages = {{132-146}},
Month = {{JAN 1}},
DOI = {{10.1002/hyp.9253}},
ISSN = {{0885-6087}},
EISSN = {{1099-1085}},
ResearcherID-Numbers = {{Pappenberger, Florian/A-2839-2009
   Wetterhall, Fredrik/I-2374-2012
   van Andel, Schalk Jan/M-9052-2013
   Stephens, Elisabeth/B-6344-2013
   }},
ORCID-Numbers = {{Pappenberger, Florian/0000-0003-1766-2898
   Wetterhall, Fredrik/0000-0001-5331-9064
   van Andel, Schalk Jan/0000-0003-0804-4203
   Stephens, Elisabeth/0000-0002-5439-7563
   Alfieri, Lorenzo/0000-0002-3616-386X
   Demeritt, David/0000-0002-2030-0807}},
Times-Cited = {{48}},
Unique-ID = {{ISI:000313593200011}},
}

%need to find
@inproceedings{ ISI:000349838400046,
Author = {Merrick, Jason R. W.},
Book-Group-Author = {{IEEE}},
Title = {{AGGREGATION OF FORECASTS FROM MULTIPLE SIMULATION MODELS}},
Booktitle = {{2013 WINTER SIMULATION CONFERENCE (WSC)}},
Series = {{Winter Simulation Conference Proceedings}},
Year = {{2013}},
Pages = {{533-542}},
Note = {{Winter Simulation Conference on Simulation - Making Decisions in a
   Complex World, Washington, DC, DEC 08-11, 2013}},
ISSN = {{0891-7736}},
ISBN = {{978-1-4799-3950-3; 978-1-4799-2077-8}},
Times-Cited = {{2}},
Unique-ID = {{ISI:000349838400046}},
}

%need to find
@article{ ISI:000322560200002,
Author = {Haarig, Frederik and Blase, Torsten and Sedlmeier, Peter},
Title = {{Predicting Recidivism of Sexual Offenders How good are expert opinions,
   and how can they be improved?}},
Journal = {{MONATSSCHRIFT FUR KRIMINOLOGIE UND STRAFRECHTSREFORM}},
Year = {{2012}},
Volume = {{95}},
Number = {{6}},
Pages = {{392-412}},
Month = {{DEC}},
ISSN = {{0026-9301}},
Times-Cited = {{1}},
Unique-ID = {{ISI:000322560200002}},
}

%ecological
@article{ ISI:000312526500010,
Author = {McDaniels, Timothy and Mills, Tamsin and Gregory, Robin and Ohlson, Dan},
Title = {{Using Expert Judgments to Explore Robust Alternatives for Forest
   Management under Climate Change}},
Journal = {{RISK ANALYSIS}},
Year = {{2012}},
Volume = {{32}},
Number = {{12}},
Pages = {{2098-2112}},
Month = {{DEC}},
DOI = {{10.1111/j.1539-6924.2012.01822.x}},
ISSN = {{0272-4332}},
Times-Cited = {{14}},
Unique-ID = {{ISI:000312526500010}},
}

@article{ ISI:000306299900043,
Author = {Kociecki, Andrzej and Kolasa, Marcin and Rubaszek, Michal},
Title = {{A Bayesian method of combining judgmental and model-based density
   forecasts}},
Journal = {{ECONOMIC MODELLING}},
Year = {{2012}},
Volume = {{29}},
Number = {{4}},
Pages = {{1349-1355}},
Month = {{JUL}},
DOI = {{10.1016/j.econmod.2012.03.004}},
ISSN = {{0264-9993}},
ORCID-Numbers = {{Kolasa, Marcin/0000-0003-4252-4622
   Rubaszek, Michal/0000-0002-0668-9537}},
Times-Cited = {{3}},
Unique-ID = {{ISI:000306299900043}},
}

@article{ ISI:000301315400023,
Author = {Kelly, David L. and Letson, David and Nelson, Forrest and Nolan, David
   S. and Solis, Daniel},
Title = {{Evolution of subjective hurricane risk perceptions: A Bayesian approach}},
Journal = {{JOURNAL OF ECONOMIC BEHAVIOR \& ORGANIZATION}},
Year = {{2012}},
Volume = {{81}},
Number = {{2}},
Pages = {{644-663}},
Month = {{FEB}},
DOI = {{10.1016/j.jebo.2011.10.004}},
ISSN = {{0167-2681}},
ResearcherID-Numbers = {{Kelly, David/D-1398-2013
   Solis, Daniel/B-1031-2009}},
ORCID-Numbers = {{Solis, Daniel/0000-0002-7322-7201}},
Times-Cited = {{10}},
Unique-ID = {{ISI:000301315400023}},
}

@article{ ISI:000305576400001,
Author = {Johnstone, D. J.},
Title = {{Log-optimal economic evaluation of probability forecasts}},
Journal = {{JOURNAL OF THE ROYAL STATISTICAL SOCIETY SERIES A-STATISTICS IN SOCIETY}},
Year = {{2012}},
Volume = {{175}},
Number = {{3}},
Pages = {{661-689}},
DOI = {{10.1111/j.1467-985X.2011.01011.x}},
ISSN = {{0964-1998}},
Times-Cited = {{4}},
Unique-ID = {{ISI:000305576400001}},
}

@article{ ISI:000301535600009,
Author = {Billari, F. C. and Graziani, R. and Melilli, E.},
Title = {{Stochastic population forecasts based on conditional expert opinions}},
Journal = {{JOURNAL OF THE ROYAL STATISTICAL SOCIETY SERIES A-STATISTICS IN SOCIETY}},
Year = {{2012}},
Volume = {{175}},
Number = {{2}},
Pages = {{491-511}},
DOI = {{10.1111/j.1467-985X.2011.01015.x}},
ISSN = {{0964-1998}},
EISSN = {{1467-985X}},
ORCID-Numbers = {{Billari, Francesco C./0000-0003-4717-6129}},
Times-Cited = {{5}},
Unique-ID = {{ISI:000301535600009}},
}

%need to find
@inproceedings{ ISI:000392426503024,
Author = {Garcez, T. V. and de Almeida-Filho, A. T. and de Almeida, A. T.},
Editor = {{Berenguer, C and Grall, A and Soares, CG}},
Title = {{Procedures for aggregating experts' knowledge and group decision model
   approaches}},
Booktitle = {{ADVANCES IN SAFETY, RELIABILITY AND RISK MANAGEMENT}},
Year = {{2012}},
Pages = {{2176-2182}},
Note = {{European Safety And Reliability Conference (ESREL), FRANCE, SEP 18-22,
   2011}},
ISBN = {{978-0-203-13510-5; 978-0-415-68379-1}},
ORCID-Numbers = {{de Almeida, Adiel/0000-0002-2757-1968
   Garcez, Thalles/0000-0001-8155-1768}},
Times-Cited = {{0}},
Unique-ID = {{ISI:000392426503024}},
}

@article{ ISI:000298009900002,
Author = {Johnstone, David J. and Jose, Victor Richmond R. and Winkler, Robert L.},
Title = {{Tailored Scoring Rules for Probabilities}},
Journal = {{DECISION ANALYSIS}},
Year = {{2011}},
Volume = {{8}},
Number = {{4}},
Pages = {{256-268}},
Month = {{DEC}},
DOI = {{10.1287/deca.1110.0216}},
ISSN = {{1545-8490}},
ORCID-Numbers = {{Jose, Victor Richmond/0000-0001-8078-368X}},
Times-Cited = {{12}},
Unique-ID = {{ISI:000298009900002}},
}

@article{ ISI:000293836700003,
Author = {Bell, Martin and Wilson, Tom and Charles-Edwards, Elin},
Title = {{Australia's Population Future: Probabilistic Forecasts Incorporating
   Expert Judgement}},
Journal = {{GEOGRAPHICAL RESEARCH}},
Year = {{2011}},
Volume = {{49}},
Number = {{3, SI}},
Pages = {{261-275}},
Month = {{AUG}},
DOI = {{10.1111/j.1745-5871.2011.00702.x}},
ISSN = {{1745-5863}},
EISSN = {{1745-5871}},
ORCID-Numbers = {{Wilson, Tom/0000-0001-8812-7556
   Charles-Edwards, Elin/0000-0003-2580-207X}},
Times-Cited = {{12}},
Unique-ID = {{ISI:000293836700003}},
}

@article{ ISI:000293286500066,
Author = {Burgman, Mark A. and McBride, Marissa and Ashton, Raquel and
   Speirs-Bridge, Andrew and Flander, Louisa and Wintle, Bonnie and Fidler,
   Fiona and Rumpff, Libby and Twardy, Charles},
Title = {{Expert Status and Performance}},
Journal = {{PLOS ONE}},
Year = {{2011}},
Volume = {{6}},
Number = {{7}},
Month = {{JUL 29}},
DOI = {{10.1371/journal.pone.0022998}},
Article-Number = {{e22998}},
ISSN = {{1932-6203}},
ResearcherID-Numbers = {{McBride, Marissa/D-5573-2009
   }},
ORCID-Numbers = {{Rumpff, Libby/0000-0001-9400-8086
   Flander, Louisa/0000-0003-0824-9364
   McBride, Marissa/0000-0002-7498-292X}},
Times-Cited = {{86}},
Unique-ID = {{ISI:000293286500066}},
}

@article{ ISI:000284567000001,
Author = {Le Cadre, Helene and Bouhtou, Mustapha},
Title = {{An interconnection game between mobile network operators Hidden
   information forecasting using expert advice fusion}},
Journal = {{COMPUTER NETWORKS}},
Year = {{2010}},
Volume = {{54}},
Number = {{17}},
Pages = {{2913-2942}},
Month = {{DEC 3}},
DOI = {{10.1016/j.comnet.2010.05.007}},
ISSN = {{1389-1286}},
Times-Cited = {{2}},
Unique-ID = {{ISI:000284567000001}},
}

%economics
@article{ ISI:000280323200006,
Author = {van Elk, Jan F. and Gupta, Ritu and Wann, David},
Title = {{Probabilistic Aggregation of Oil and Gas Field Resource Estimates and
   Project Portfolio Analysis}},
Journal = {{SPE RESERVOIR EVALUATION \& ENGINEERING}},
Year = {{2010}},
Volume = {{13}},
Number = {{1}},
Pages = {{72-81}},
Month = {{FEB}},
DOI = {{10.2118/116395-PA}},
ISSN = {{1094-6470}},
Times-Cited = {{2}},
Unique-ID = {{ISI:000280323200006}},
}

% need to find 
@inproceedings{ ISI:000280121900002,
Author = {Merkle, Edgar C.},
Editor = {{Chai, SK and Salerno, JJ and Mabry, PL}},
Title = {{Calibrating Subjective Probabilities Using Hierarchical Bayesian Models}},
Booktitle = {{ADVANCES IN SOCIAL COMPUTING, PROCEEDINGS}},
Series = {{Lecture Notes in Computer Science}},
Year = {{2010}},
Volume = {{6007}},
Pages = {{13-22}},
Note = {{3rd International Workshop on Social Computing, Behavioral Modeling and
   Prediction, Bethesda, MD, MAR 30-31, 2010}},
ISSN = {{0302-9743}},
ISBN = {{978-3-642-12078-7}},
ORCID-Numbers = {{Merkle, Edgar/0000-0001-7158-0653}},
Times-Cited = {{5}},
Unique-ID = {{ISI:000280121900002}},
}

%need to find
@article{ ISI:000281853600008,
Author = {Carvalho, Alexandre X. and Skoulakis, Georgios},
Title = {{Time Series Mixtures of Generalized t Experts: ML Estimation and an
   Application to Stock Return Density Forecasting}},
Journal = {{ECONOMETRIC REVIEWS}},
Year = {{2010}},
Volume = {{29}},
Number = {{5-6}},
Pages = {{642-687}},
DOI = {{10.1080/07474938.2010.481987}},
Article-Number = {{PII 926951458}},
ISSN = {{0747-4938}},
Times-Cited = {{1}},
Unique-ID = {{ISI:000281853600008}},
}

@article{ ISI:000277651300006,
Author = {Marmier, Francois and Cheikhrouhou, Naoufel},
Title = {{Structuring and integrating human knowledge in demand forecasting: a
   judgemental adjustment approach}},
Journal = {{PRODUCTION PLANNING \& CONTROL}},
Year = {{2010}},
Volume = {{21}},
Number = {{4}},
Pages = {{399-412}},
DOI = {{10.1080/09537280903454149}},
Article-Number = {{PII 921487900}},
ISSN = {{0953-7287}},
EISSN = {{1366-5871}},
ResearcherID-Numbers = {{Marmier, Francois/C-7841-2013
   Cheikhrouhou, Naoufel/F-5677-2014}},
ORCID-Numbers = {{Marmier, Francois/0000-0001-9264-293X
   Cheikhrouhou, Naoufel/0000-0003-2497-2528}},
Times-Cited = {{7}},
Unique-ID = {{ISI:000277651300006}},
}

@article{ ISI:000269412800004,
Author = {Faulkner, Margaret and Corkindale, David R.},
Title = {{Are experts better than potential users in predicting the uptake of an
   innovation? Extending the use of the Juster Scale}},
Journal = {{TECHNOLOGICAL FORECASTING AND SOCIAL CHANGE}},
Year = {{2009}},
Volume = {{76}},
Number = {{7}},
Pages = {{910-916}},
Month = {{SEP}},
DOI = {{10.1016/j.techfore.2008.11.001}},
ISSN = {{0040-1625}},
EISSN = {{1873-5509}},
ResearcherID-Numbers = {{Corkindale, David/H-9574-2012
   Faulkner, Margaret/F-3975-2013}},
ORCID-Numbers = {{Corkindale, David/0000-0002-0106-2954
   Faulkner, Margaret/0000-0002-6643-5600}},
Times-Cited = {{5}},
Unique-ID = {{ISI:000269412800004}},
}

@article{ ISI:000261941400021,
Author = {Hovanov, Nikolai and Yudaeva, Maria and Hovanov, Kirill},
Title = {{Multicriteria estimation of probabilities on basis of expert
   non-numeric, non-exact and non-complete knowledge}},
Journal = {{EUROPEAN JOURNAL OF OPERATIONAL RESEARCH}},
Year = {{2009}},
Volume = {{195}},
Number = {{3}},
Pages = {{857-863}},
Month = {{JUN 16}},
Note = {{International Conference on Creativity and Innovation in Decision Making
   and Decision Support, London Sch Econ, London, ENGLAND, JUN 28-JUL 01,
   2006}},
DOI = {{10.1016/j.ejor.2007.11.018}},
ISSN = {{0377-2217}},
EISSN = {{1872-6860}},
ResearcherID-Numbers = {{Yudaeva, Maria/H-2152-2015}},
ORCID-Numbers = {{Yudaeva, Maria/0000-0002-2511-3453}},
Times-Cited = {{9}},
Unique-ID = {{ISI:000261941400021}},
}

@article{ ISI:000267100400002,
Author = {Hagedorn, Renate and Smith, Leonard A.},
Title = {{Communicating the value of probabilistic forecasts with weather roulette}},
Journal = {{METEOROLOGICAL APPLICATIONS}},
Year = {{2009}},
Volume = {{16}},
Number = {{2}},
Pages = {{143-155}},
Month = {{JUN}},
DOI = {{10.1002/met.92}},
ISSN = {{1350-4827}},
Times-Cited = {{19}},
Unique-ID = {{ISI:000267100400002}},
}

@article{ ISI:000269942700005,
Author = {Bordley, Robert F.},
Title = {{Combining the Opinions of Experts Who Partition Events Differently}},
Journal = {{DECISION ANALYSIS}},
Year = {{2009}},
Volume = {{6}},
Number = {{1}},
Pages = {{38-46}},
Month = {{MAR}},
DOI = {{10.1287/deca.1080.0127}},
ISSN = {{1545-8490}},
Times-Cited = {{14}},
Unique-ID = {{ISI:000269942700005}},
}

%need to find
@inproceedings{ ISI:000290045004038,
Author = {Charles, A. and Hudson, D. and Alves, O.},
Editor = {{Anderssen, RS and Braddock, RD and Newham, LTH}},
Title = {{Combining Verification with Probabilistic Forecasts for Decision Making}},
Booktitle = {{18TH WORLD IMACS CONGRESS AND MODSIM09 INTERNATIONAL CONGRESS ON
   MODELLING AND SIMULATION: INTERFACING MODELLING AND SIMULATION WITH
   MATHEMATICAL AND COMPUTATIONAL SCIENCES}},
Year = {{2009}},
Pages = {{4184-4190}},
Note = {{Combined IMACS World Congress/Modelling and Simulation
   Society-of-Australia-and-New-Zealand (MSSANZ)/18th Biennial Conference
   on Modelling and Simulation, Cairns, AUSTRALIA, JUL 13-17, 2009}},
ISBN = {{978-0-9758400-7-8}},
ResearcherID-Numbers = {{Caposaldo, Marica/I-8659-2014}},
Times-Cited = {{0}},
Unique-ID = {{ISI:000290045004038}},
}

@article{ ISI:000257591200020,
Author = {Alexander, Marcus and Christakis, Nicholas A.},
Title = {{Bias and asymmetric loss in expert forecasts: A study of physician
   prognostic behavior with respect to patient survival}},
Journal = {{JOURNAL OF HEALTH ECONOMICS}},
Year = {{2008}},
Volume = {{27}},
Number = {{4}},
Pages = {{1095-1108}},
Month = {{JUL}},
DOI = {{10.1016/j.jhealeco.2008.02.011}},
ISSN = {{0167-6296}},
EISSN = {{1879-1646}},
ResearcherID-Numbers = {{Christakis, Nicholas/C-3205-2009
   }},
ORCID-Numbers = {{Alexander, Marcus/0000-0001-8627-7534}},
Times-Cited = {{7}},
Unique-ID = {{ISI:000257591200020}},
}

@article{ ISI:000255137300004,
Author = {Feinberg, Yossi and Stewart, Colin},
Title = {{Testing multiple forecasters}},
Journal = {{ECONOMETRICA}},
Year = {{2008}},
Volume = {{76}},
Number = {{3}},
Pages = {{561-582}},
Month = {{MAY}},
DOI = {{10.1111/j.1468-0262.2008.00847.x}},
ISSN = {{0012-9682}},
Times-Cited = {{13}},
Unique-ID = {{ISI:000255137300004}},
}

%need to find
@inproceedings{ ISI:000262473000005,
Author = {Williams, John K. and Ahijevych, David and Dettling, Sue and Steiner,
   Matthias},
Editor = {{Feltz, FW and Murray, JJ}},
Title = {{Combining observations and model data for short-term storm forecasting}},
Booktitle = {{REMOTE SENSING APPLICATIONS FOR AVIATION WEATHER HAZARD DETECTION AND
   DECISION SUPPORT}},
Series = {{Proceedings of SPIE}},
Year = {{2008}},
Volume = {{7088}},
Note = {{Conference on Remote Sensing Applications for Aviation Weather Hazard
   Detection and Decision Support, San Diego, CA, AUG 13-14, 2008}},
DOI = {{10.1117/12.795737}},
Article-Number = {{708805}},
ISSN = {{0277-786X}},
EISSN = {{1996-756X}},
ISBN = {{978-0-8194-7308-0}},
Times-Cited = {{3}},
Unique-ID = {{ISI:000262473000005}},
}


@article{ ISI:000250871900012,
Author = {Sancetta, Alessio},
Title = {{Online forecast combinations of distributions: Worst case bounds}},
Journal = {{JOURNAL OF ECONOMETRICS}},
Year = {{2007}},
Volume = {{141}},
Number = {{2}},
Pages = {{621-651}},
Month = {{DEC}},
DOI = {{10.1016/j.jeconom.2006.10.010}},
ISSN = {{0304-4076}},
Times-Cited = {{7}},
Unique-ID = {{ISI:000250871900012}},
}

@article{ ISI:000250245700003,
Author = {Astebro, Thomas and Koehler, Derek J.},
Title = {{Calibration accuracy of a judgmental process that predicts the
   commercial success of new product ideas}},
Journal = {{JOURNAL OF BEHAVIORAL DECISION MAKING}},
Year = {{2007}},
Volume = {{20}},
Number = {{4}},
Pages = {{381-403}},
Month = {{OCT}},
DOI = {{10.1002/bdm.559}},
ISSN = {{0894-3257}},
ORCID-Numbers = {{Astebro, Thomas/0000-0002-8077-7631}},
Times-Cited = {{5}},
Unique-ID = {{ISI:000250245700003}},
}

@incollection{ ISI:000296286100010,
Author = {Clemen, Robert T. and Winkler, Robert L.},
Editor = {{Edwards, W and Miles, RF and VonWinterfeldt, D}},
Title = {{Aggregating Probability Distributions}},
Booktitle = {{ADVANCES IN DECISION ANALYSIS: FROM FOUNDATIONS TO APPLICATIONS}},
Year = {{2007}},
Pages = {{154-176}},
DOI = {{10.1017/CBO9780511611308.010}},
ISBN = {{978-0-52186-368-1}},
Times-Cited = {{58}},
Unique-ID = {{ISI:000296286100010}},
}

@article{ ISI:000245309700002,
Author = {Nolte, Ingmar and Pohlmeier, Winfried},
Title = {{Using forecasts of forecasters to forecast}},
Journal = {{INTERNATIONAL JOURNAL OF FORECASTING}},
Year = {{2007}},
Volume = {{23}},
Number = {{1}},
Pages = {{15-28}},
DOI = {{10.1016/j.ijforecast.2006.05.001}},
ISSN = {{0169-2070}},
ResearcherID-Numbers = {{Nolte, Ingmar/N-5642-2015
   Nolte, Ingmar/A-3965-2008}},
ORCID-Numbers = {{Nolte, Ingmar/0000-0002-5065-8201
   }},
Times-Cited = {{12}},
Unique-ID = {{ISI:000245309700002}},
}

@article{ ISI:000230800700011,
Author = {Forrest, D and Goddard, J and Simmons, R},
Title = {{Odds-setters as forecasters: The case of English football}},
Journal = {{INTERNATIONAL JOURNAL OF FORECASTING}},
Year = {{2005}},
Volume = {{21}},
Number = {{3}},
Pages = {{551-564}},
Month = {{JUL-SEP}},
DOI = {{10.1016/j.ijforecast.2005.03.003}},
ISSN = {{0169-2070}},
Times-Cited = {{77}},
Unique-ID = {{ISI:000230800700011}},
}

@article{ ISI:000230800700012,
Author = {Andersson, P and Edman, J and Ekman, M},
Title = {{Predicting the World Cup 2002 in soccer: Performance and confidence of
   experts and non-experts}},
Journal = {{INTERNATIONAL JOURNAL OF FORECASTING}},
Year = {{2005}},
Volume = {{21}},
Number = {{3}},
Pages = {{565-576}},
Month = {{JUL-SEP}},
Note = {{SPUDM Confernce, Zurich, SWITZERLAND, AUG, 2003}},
DOI = {{10.1016/j.ijforecast.2005.03.004}},
ISSN = {{0169-2070}},
EISSN = {{1872-8200}},
Times-Cited = {{53}},
Unique-ID = {{ISI:000230800700012}},
}

% need to find
@inproceedings{ ISI:000233583800033,
Author = {Vovk, V},
Editor = {{Jain, S and Simon, HU and Tomita, E}},
Title = {{Defensive prediction with expert advice}},
Booktitle = {{ALGORITHMIC LEARNING THEORY}},
Series = {{LECTURE NOTES IN ARTIFICIAL INTELLIGENCE}},
Year = {{2005}},
Volume = {{3734}},
Pages = {{444-458}},
Note = {{16th Annual International Conference on Algorithmic Learning Theory (LAT
   2005), Singapore, SINGAPORE, OCT 08-11, 2005}},
ISSN = {{0302-9743}},
ISBN = {{3-540-29242-X}},
ORCID-Numbers = {{Vovk, Vladimir/0000-0003-2602-6877}},
Times-Cited = {{6}},
Unique-ID = {{ISI:000233583800033}},
}

%need to find
@inproceedings{ ISI:000230769100015,
Author = {Cesa-Bianchi, N and Mansour, Y and Stoltz, G},
Editor = {{Auer, P and Meir, R}},
Title = {{Improved second-order bounds for prediction with expert advice}},
Booktitle = {{LEARNING THEORY, PROCEEDINGS}},
Series = {{LECTURE NOTES IN COMPUTER SCIENCE}},
Year = {{2005}},
Volume = {{3559}},
Pages = {{217-232}},
Note = {{18th Annual Conference on Learning Theory (COLT 2005), Bertinoro, ITALY,
   JUN 27-30, 2005}},
DOI = {{10.1007/11503415\_15}},
ISSN = {{0302-9743}},
ISBN = {{3-540-26556-2}},
ResearcherID-Numbers = {{Cesa-Bianchi, Nicolo/C-3721-2013}},
ORCID-Numbers = {{Cesa-Bianchi, Nicolo/0000-0001-8477-4748}},
Times-Cited = {{5}},
Unique-ID = {{ISI:000230769100015}},
}

@article{ ISI:000220821200002,
Author = {Tichy, G},
Title = {{The over-optimism among experts in assessment and foresight}},
Journal = {{TECHNOLOGICAL FORECASTING AND SOCIAL CHANGE}},
Year = {{2004}},
Volume = {{71}},
Number = {{4}},
Pages = {{341-363}},
Month = {{MAY}},
DOI = {{10.1016/j.techfore.2004.01.003}},
ISSN = {{0040-1625}},
Times-Cited = {{57}},
Unique-ID = {{ISI:000220821200002}},
}

@article{ ISI:000168507800006,
Author = {Armstrong, JS and Yokum, JT},
Title = {{Potential diffusion of expert systems in forecasting}},
Journal = {{TECHNOLOGICAL FORECASTING AND SOCIAL CHANGE}},
Year = {{2001}},
Volume = {{67}},
Number = {{1}},
Pages = {{93-103}},
Month = {{MAY}},
DOI = {{10.1016/S0040-1625(99)00095-5}},
ISSN = {{0040-1625}},
ORCID-Numbers = {{Armstrong, J. Scott/0000-0003-0108-0471}},
Times-Cited = {{5}},
Unique-ID = {{ISI:000168507800006}},
}

@article{ ISI:000171806500003,
Author = {Petridis, V and Kehagias, A and Petrou, L and Bakirtzis, A and Kiartzis,
   S and Panagiotou, H and Maslaris, N},
Title = {{A Bayesian multiple models combination method for time series prediction}},
Journal = {{JOURNAL OF INTELLIGENT \& ROBOTIC SYSTEMS}},
Year = {{2001}},
Volume = {{31}},
Number = {{1-3}},
Pages = {{69-89}},
DOI = {{10.1023/A:1012061814242}},
ISSN = {{0921-0296}},
ResearcherID-Numbers = {{Bakirtzis, Anastasios/C-1529-2010}},
ORCID-Numbers = {{Bakirtzis, Anastasios/0000-0003-2866-6755}},
Times-Cited = {{38}},
Unique-ID = {{ISI:000171806500003}},
}

@article{ ISI:000167986300008,
Author = {Leskinen, P and Kangas, J},
Title = {{Modelling future timber price development by using expert judgments and
   time series analysis}},
Journal = {{SILVA FENNICA}},
Year = {{2001}},
Volume = {{35}},
Number = {{1}},
Pages = {{93-102}},
DOI = {{10.14214/sf.606}},
ISSN = {{0037-5330}},
EISSN = {{2242-4075}},
Times-Cited = {{10}},
Unique-ID = {{ISI:000167986300008}},
}

@article{ ISI:000088445200009,
Author = {Weigend, AS and Shi, SM},
Title = {{Predicting daily probability distributions of S\&P500 returns}},
Journal = {{JOURNAL OF FORECASTING}},
Year = {{2000}},
Volume = {{19}},
Number = {{4}},
Pages = {{375-392}},
Month = {{JUL}},
DOI = {{10.1002/1099-131X(200007)19:4<375::AID-FOR779>3.3.CO;2-L}},
ISSN = {{0277-6693}},
Times-Cited = {{32}},
Unique-ID = {{ISI:000088445200009}},
}

@article{ ISI:000087872000006,
Author = {Budescu, DV and Rantilla, AK},
Title = {{Confidence in aggregation of expert opinions}},
Journal = {{ACTA PSYCHOLOGICA}},
Year = {{2000}},
Volume = {{104}},
Number = {{3}},
Pages = {{371-398}},
Month = {{JUN}},
Note = {{17th Research Conference on Subjective Probability Utility and Decision
   Making (SPUDM 17), MANNHEIM, GERMANY, AUG 09-11, 1999}},
DOI = {{10.1016/S0001-6918(00)00037-8}},
ISSN = {{0001-6918}},
Times-Cited = {{59}},
Unique-ID = {{ISI:000087872000006}},
}

@article{ ISI:000082562000006,
Author = {Thompson, KM and Segui-Gomez, M and Graham, JD},
Title = {{Validating analytical judgments: the case of the airbag's lifesaving
   effectiveness}},
Journal = {{RELIABILITY ENGINEERING \& SYSTEM SAFETY}},
Year = {{1999}},
Volume = {{66}},
Number = {{1}},
Pages = {{57-68}},
Month = {{OCT}},
DOI = {{10.1016/S0951-8320(99)00019-8}},
ISSN = {{0951-8320}},
Times-Cited = {{12}},
Unique-ID = {{ISI:000082562000006}},
}

@article{clemen1986combining,
  title={Combining economic forecasts},
  author={Clemen, Robert T and Winkler, Robert L},
  journal={Journal of Business \& Economic Statistics},
  volume={4},
  number={1},
  pages={39--46},
  year={1986},
  publisher={Taylor \& Francis}
}

@article{clemen1989combining,
  title={Combining forecasts: A review and annotated bibliography},
  author={Clemen, Robert T},
  journal={International journal of forecasting},
  volume={5},
  number={4},
  pages={559--583},
  year={1989},
  publisher={Elsevier}
}

@article{ ISI:000081846900004,
Author = {Clemen, RT and Winkler, RL},
Title = {{Combining probability distributions from experts in risk analysis}},
Journal = {{RISK ANALYSIS}},
Year = {{1999b}},
Volume = {{19}},
Number = {{2}},
Pages = {{187-203}},
Month = {{APR}},
DOI = {{10.1111/j.1539-6924.1999.tb00399.x}},
ISSN = {{0272-4332}},
Times-Cited = {{490}},
Unique-ID = {{ISI:000081846900004}},
}

@article{ ISI:000077562000009,
Author = {Carter, LR},
Title = {{Combining probabilistic and subjective assessments of error to provide
   realistic appraisals of demographic forecast uncertainty: Alho's
   approach}},
Journal = {{INTERNATIONAL JOURNAL OF FORECASTING}},
Year = {{1998}},
Volume = {{14}},
Number = {{4}},
Pages = {{523-526}},
Month = {{DEC}},
DOI = {{10.1016/S0169-2070(98)00057-0}},
ISSN = {{0169-2070}},
Times-Cited = {{1}},
Unique-ID = {{ISI:000077562000009}},
}

@article{ ISI:000075317000015,
Author = {Haussler, D and Kivinen, J and Warmuth, MK},
Title = {{Sequential prediction of individual sequences under general loss
   functions}},
Journal = {{IEEE TRANSACTIONS ON INFORMATION THEORY}},
Year = {{1998}},
Volume = {{44}},
Number = {{5}},
Pages = {{1906-1925}},
Month = {{SEP}},
DOI = {{10.1109/18.705569}},
ISSN = {{0018-9448}},
EISSN = {{1557-9654}},
Times-Cited = {{71}},
Unique-ID = {{ISI:000075317000015}},
}

@inproceedings{ ISI:000084758100258,
Author = {Hofer, E},
Editor = {{Mosleh, A and Bari, RA}},
Title = {{Application of a formal expert judgement methodology to forecast results
   of a fuel-coolant interaction experiment}},
Booktitle = {{PROBABILISTIC SAFETY ASSESSMENT AND MANAGEMENT (PSAM 4), VOLS 1-4}},
Year = {{1998}},
Pages = {{1705-1710}},
Note = {{4th International Conference on Probabilistic Safety Assessment and
   Management, NEW YORK, NY, SEP 13-18, 1998}},
ISBN = {{3-540-76262-0}},
Times-Cited = {{0}},
Unique-ID = {{ISI:000084758100258}},
}

@article{ ISI:A1997YJ84200007,
Author = {WilkieThomson, ME and OnkalAtay, D and Pollock, AC},
Title = {{Currency forecasting: an investigation of extrapolative judgement}},
Journal = {{INTERNATIONAL JOURNAL OF FORECASTING}},
Year = {{1997}},
Volume = {{13}},
Number = {{4}},
Pages = {{509-526}},
Month = {{DEC}},
DOI = {{10.1016/S0169-2070(97)00036-8}},
ISSN = {{0169-2070}},
Times-Cited = {{6}},
Unique-ID = {{ISI:A1997YJ84200007}},
}

@article{ ISI:A1997XT25000007,
Author = {Wallsten, TS and Budescu, DV and Erev, I and Diederich, A},
Title = {{Evaluating and combining subjective probability estimates}},
Journal = {{JOURNAL OF BEHAVIORAL DECISION MAKING}},
Year = {{1997}},
Volume = {{10}},
Number = {{3}},
Pages = {{243-268}},
Month = {{SEP}},
DOI = {{10.1002/(SICI)1099-0771(199709)10:3<243::AID-BDM268>3.3.CO;2-D}},
ISSN = {{0894-3257}},
EISSN = {{1099-0771}},
Times-Cited = {{90}},
Unique-ID = {{ISI:A1997XT25000007}},
}

@article{ ISI:A1997XA69200003,
Author = {Stewart, TR and Roebber, PJ and Bosart, LF},
Title = {{The importance of the task in analyzing expert judgment}},
Journal = {{ORGANIZATIONAL BEHAVIOR AND HUMAN DECISION PROCESSES}},
Year = {{1997}},
Volume = {{69}},
Number = {{3}},
Pages = {{205-219}},
Month = {{MAR}},
DOI = {{10.1006/obhd.1997.2682}},
ISSN = {{0749-5978}},
Times-Cited = {{56}},
Unique-ID = {{ISI:A1997XA69200003}},
}

@article{ ISI:A1996VZ04300007,
Author = {Weigend, AS},
Title = {{Time series analysis and prediction using gated experts with application
   to energy demand forecasts}},
Journal = {{APPLIED ARTIFICIAL INTELLIGENCE}},
Year = {{1996}},
Volume = {{10}},
Number = {{6}},
Pages = {{583-624}},
Month = {{NOV-DEC}},
Note = {{3rd International Conference on Artificial Intelligence Applications on
   Wall Street, NEW YORK, NY, JUN, 1995}},
DOI = {{10.1080/088395196118443}},
ISSN = {{0883-9514}},
Times-Cited = {{3}},
Unique-ID = {{ISI:A1996VZ04300007}},
}

@article{ ISI:A1996VW83900003,
Author = {Jouini, MN and Clemen, RT},
Title = {{Copula models for aggregating expert opinions}},
Journal = {{OPERATIONS RESEARCH}},
Year = {{1996}},
Volume = {{44}},
Number = {{3}},
Pages = {{444-457}},
Month = {{MAY-JUN}},
DOI = {{10.1287/opre.44.3.444}},
ISSN = {{0030-364X}},
Times-Cited = {{70}},
Unique-ID = {{ISI:A1996VW83900003}},
}

@article{ ISI:A1996UQ69700001,
Author = {Wright, G and Lawrence, MJ and Collopy, F},
Title = {{The role and validity of judgment in forecasting}},
Journal = {{INTERNATIONAL JOURNAL OF FORECASTING}},
Year = {{1996}},
Volume = {{12}},
Number = {{1}},
Pages = {{1-8}},
Month = {{MAR}},
DOI = {{10.1016/0169-2070(96)00674-7}},
ISSN = {{0169-2070}},
ResearcherID-Numbers = {{Wright, George/D-8927-2012}},
Times-Cited = {{37}},
Unique-ID = {{ISI:A1996UQ69700001}},
}

@article{ ISI:A1995RT60600001,
Author = {JACOBS, RA},
Title = {{METHODS FOR COMBINING EXPERTS PROBABILITY ASSESSMENTS}},
Journal = {{NEURAL COMPUTATION}},
Year = {{1995}},
Volume = {{7}},
Number = {{5}},
Pages = {{867-888}},
Month = {{SEP}},
DOI = {{10.1162/neco.1995.7.5.867}},
ISSN = {{0899-7667}},
ResearcherID-Numbers = {{Jacobs, Robert/B-7670-2013
   }},
ORCID-Numbers = {{Jacobs, Robert/0000-0001-6607-908X}},
Times-Cited = {{175}},
Unique-ID = {{ISI:A1995RT60600001}},
}

@article{ ISI:A1995RC41900005,
Author = {MCCLUNG, DM},
Title = {{USE OF EXPERT KNOWLEDGE IN AVALANCHE FORECASTING}},
Journal = {{DEFENCE SCIENCE JOURNAL}},
Year = {{1995}},
Volume = {{45}},
Number = {{2}},
Pages = {{117-123}},
Month = {{APR}},
DOI = {{10.14429/dsj.45.4110}},
ISSN = {{0011-748X}},
Times-Cited = {{5}},
Unique-ID = {{ISI:A1995RC41900005}},
}

@article{ ISI:A1995RF22700005,
Author = {ABRAMSON, B and FINIZZA, A},
Title = {{PROBABILISTIC FORECASTS FROM PROBABILISTIC MODELS - A CASE-STUDY IN THE
   OIL MARKET}},
Journal = {{INTERNATIONAL JOURNAL OF FORECASTING}},
Year = {{1995}},
Volume = {{11}},
Number = {{1}},
Pages = {{63-72}},
Month = {{MAR}},
DOI = {{10.1016/0169-2070(94)02004-9}},
ISSN = {{0169-2070}},
Times-Cited = {{30}},
Unique-ID = {{ISI:A1995RF22700005}},
}

@article{ ISI:A1994QP07300002,
Author = {WRIGHT, MK and STOKES, L and DYER, JS},
Title = {{RELIABILITY AND COHERENCE OF CAUSAL, DIAGNOSTIC, AND JOINT SUBJECTIVE
   PROBABILITIES}},
Journal = {{DECISION SCIENCES}},
Year = {{1994}},
Volume = {{25}},
Number = {{5-6}},
Pages = {{691-709}},
Month = {{SEP-DEC}},
DOI = {{10.1111/j.1540-5915.1994.tb01866.x}},
ISSN = {{0011-7315}},
Times-Cited = {{2}},
Unique-ID = {{ISI:A1994QP07300002}},
}

@article{ ISI:A1994PJ53400001,
Author = {BOLGER, F and WRIGHT, G},
Title = {{THE QUALITY OF EXPERT PROBABILITY JUDGMENT - ISSUES AND ANALYSIS}},
Journal = {{EXPERT SYSTEMS}},
Year = {{1994}},
Volume = {{11}},
Number = {{3}},
Pages = {{149-158}},
Month = {{AUG}},
DOI = {{10.1111/j.1468-0394.1994.tb00321.x}},
ISSN = {{0266-4720}},
ResearcherID-Numbers = {{Wright, George/D-8927-2012}},
Times-Cited = {{4}},
Unique-ID = {{ISI:A1994PJ53400001}},
}

@article{ ISI:A1994MP91400001,
Author = {BOLGER, F and WRIGHT, G},
Title = {{ASSESSING THE QUALITY OF EXPERT JUDGMENT - ISSUES AND ANALYSIS}},
Journal = {{DECISION SUPPORT SYSTEMS}},
Year = {{1994}},
Volume = {{11}},
Number = {{1}},
Pages = {{1-24}},
Month = {{JAN}},
DOI = {{10.1016/0167-9236(94)90061-2}},
ISSN = {{0167-9236}},
ResearcherID-Numbers = {{Wright, George/D-8927-2012}},
Times-Cited = {{93}},
Unique-ID = {{ISI:A1994MP91400001}},
}

@inproceedings{ ISI:A1994BC14C00095,
Author = {WAGNER, CG},
Book-Group-Author = {{IEEE}},
Title = {{IMPRECISE PROBABILITY AND EXPERT FORECASTING}},
Booktitle = {{SIXTH INTERNATIONAL CONFERENCE ON TOOLS WITH ARTIFICIAL INTELLIGENCE,
   PROCEEDINGS}},
Series = {{PROCEEDINGS - INTERNATIONAL CONFERENCE ON TOOLS WITH ARTIFICIAL
   INTELLIGENCE}},
Year = {{1994}},
Pages = {{668-671}},
Note = {{6th International Conference on Tools with Artificial Intelligence, NEW
   ORLEANS, LA, NOV 06-09, 1994}},
DOI = {{10.1109/TAI.1994.346430}},
ISSN = {{1082-3409}},
ISBN = {{0-8186-6785-0}},
Times-Cited = {{0}},
Unique-ID = {{ISI:A1994BC14C00095}},
}

@article{ ISI:A1992LF90200003,
Author = {GOLOVCHENKO, VB and NOSKOV, SI},
Title = {{COMBINING FORECASTS WITH EXPERT INFORMATION}},
Journal = {{AUTOMATION AND REMOTE CONTROL}},
Year = {{1992}},
Volume = {{53}},
Number = {{11, 2}},
Pages = {{1746-1753}},
Month = {{NOV}},
ISSN = {{0005-1179}},
Times-Cited = {{0}},
Unique-ID = {{ISI:A1992LF90200003}},
}

@article{ ISI:A1992JP89300003,
Author = {ROSENBLUETH, E and ORDAZ, M},
Title = {{COMBINATION OF EXPERT OPINIONS}},
Journal = {{JOURNAL OF SCIENTIFIC \& INDUSTRIAL RESEARCH}},
Year = {{1992}},
Volume = {{51}},
Number = {{8-9}},
Pages = {{572-580}},
Month = {{AUG-SEP}},
ISSN = {{0022-4456}},
Times-Cited = {{1}},
Unique-ID = {{ISI:A1992JP89300003}},
}

@article{ ISI:A1992JK50700003,
Author = {GOLOVCHENKO, VB},
Title = {{PREDICTION OF A TIME-SERIES ON THE BASIS OF EXPERT PRONOUNCEMENTS}},
Journal = {{SOVIET JOURNAL OF COMPUTER AND SYSTEMS SCIENCES}},
Year = {{1992}},
Volume = {{30}},
Number = {{4}},
Pages = {{39-43}},
Month = {{JUL-AUG}},
ISSN = {{0882-4002}},
Times-Cited = {{0}},
Unique-ID = {{ISI:A1992JK50700003}},
}

@article{ ISI:A1992HB29200018,
Author = {WEST, M and CROSSE, J},
Title = {{MODELING PROBABILISTIC AGENT OPINION}},
Journal = {{JOURNAL OF THE ROYAL STATISTICAL SOCIETY SERIES B-METHODOLOGICAL}},
Year = {{1992}},
Volume = {{54}},
Number = {{1}},
Pages = {{285-299}},
ISSN = {{0035-9246}},
Times-Cited = {{12}},
Unique-ID = {{ISI:A1992HB29200018}},
}

@article{ ISI:A1992HL62000013,
Author = {WEST, M},
Title = {{MODELING AGENT FORECAST DISTRIBUTIONS}},
Journal = {{JOURNAL OF THE ROYAL STATISTICAL SOCIETY SERIES B-METHODOLOGICAL}},
Year = {{1992}},
Volume = {{54}},
Number = {{2}},
Pages = {{553-567}},
ISSN = {{0035-9246}},
Times-Cited = {{15}},
Unique-ID = {{ISI:A1992HL62000013}},
}

@article{ ISI:A1991GQ92100004,
Author = {EDAMURA, T and KAWAI, T},
Title = {{AN EXPERT SYSTEM FOR FORECASTING ROADSIDE DEVELOPMENT}},
Journal = {{COMPUTERS ENVIRONMENT AND URBAN SYSTEMS}},
Year = {{1991}},
Volume = {{15}},
Number = {{3}},
Pages = {{141-150}},
DOI = {{10.1016/0198-9715(91)90004-W}},
ISSN = {{0198-9715}},
Times-Cited = {{2}},
Unique-ID = {{ISI:A1991GQ92100004}},
}
@article{makridakis1983averages,
  title={Averages of forecasts: Some empirical results},
  author={Makridakis, Spyros and Winkler, Robert L},
  journal={Management Science},
  volume={29},
  number={9},
  pages={987--996},
  year={1983},
  publisher={Informs}
}
@article{genre2013combining,
  title={Combining expert forecasts: Can anything beat the simple average?},
  author={Genre, V{\'e}ronique and Kenny, Geoff and Meyler, Aidan and Timmermann, Allan},
  journal={International Journal of Forecasting},
  volume={29},
  number={1},
  pages={108--121},
  year={2013},
  publisher={Elsevier}
}


@article{lintott2008galaxy,
  title={Galaxy Zoo: morphologies derived from visual inspection of galaxies from the Sloan Digital Sky Survey},
  author={Lintott, Chris J and Schawinski, Kevin and Slosar, An{\v{z}}e and Land, Kate and Bamford, Steven and Thomas, Daniel and Raddick, M Jordan and Nichol, Robert C and Szalay, Alex and Andreescu, Dan and others},
  journal={Monthly Notices of the Royal Astronomical Society},
  volume={389},
  number={3},
  pages={1179--1189},
  year={2008},
  publisher={Blackwell Publishing Ltd Oxford, UK}
}
@misc{prill2011crowdsourcing,
  title={Crowdsourcing network inference: the DREAM predictive signaling network challenge},
  author={Prill, Robert J and Saez-Rodriguez, Julio and Alexopoulos, Leonidas G and Sorger, Peter K and Stolovitzky, Gustavo},
  year={2011},
  publisher={American Association for the Advancement of Science}
}
@article{wang2016statistical,
  title={Statistical methods and computing for big data},
  author={Wang, Chun and Chen, Ming-Hui and Schifano, Elizabeth and Wu, Jing and Yan, Jun},
  journal={Statistics and its interface},
  volume={9},
  number={4},
  pages={399},
  year={2016},
  publisher={NIH Public Access}
}

@article{kune2016anatomy,
  title={The anatomy of big data computing},
  author={Kune, Raghavendra and Konugurthi, Pramod Kumar and Agarwal, Arun and Chillarige, Raghavendra Rao and Buyya, Rajkumar},
  journal={Software: Practice and Experience},
  volume={46},
  number={1},
  pages={79--105},
  year={2016},
  publisher={Wiley Online Library}
}

@article{al2015efficient,
  title={Efficient machine learning for big data: A review},
  author={Al-Jarrah, Omar Y and Yoo, Paul D and Muhaidat, Sami and Karagiannidis, George K and Taha, Kamal},
  journal={Big Data Research},
  volume={2},
  number={3},
  pages={87--93},
  year={2015},
  publisher={Elsevier}
}

@article{meehl1954clinical,
  title={Clinical versus statistical prediction: A theoretical analysis and a review of the evidence.},
  author={Meehl, Paul E},
  year={1954},
  publisher={University of Minnesota Press}
}
@article{kleinmuntz1990we,
  title={Why we still use our heads instead of formulas: Toward an integrative approach.},
  author={Kleinmuntz, Benjamin},
  journal={Psychological bulletin},
  volume={107},
  number={3},
  pages={296},
  year={1990},
  publisher={American Psychological Association}
}
@article{yaniv1993judgmental,
  title={Judgmental versus statistical prediction: Information asymmetry and combination rules},
  author={Yaniv, Ilan and Hogarth, Robin M},
  journal={Psychological Science},
  volume={4},
  number={1},
  pages={58--62},
  year={1993},
  publisher={SAGE Publications Sage CA: Los Angeles, CA}
}


@book{brabham2013crowdsourcing,
  title={Crowdsourcing},
  author={Brabham, Daren C},
  year={2013},
  publisher={Mit Press}
}

@inproceedings{abernethy2011collaborative,
  title={A collaborative mechanism for crowdsourcing prediction problems},
  author={Abernethy, Jacob D and Frongillo, Rafael M},
  booktitle={Advances in Neural Information Processing Systems},
  pages={2600--2608},
  year={2011}
}
@inproceedings{forlines2014crowdsourcing,
  title={Crowdsourcing the future: predictions made with a social network},
  author={Forlines, Clifton and Miller, Sarah and Guelcher, Leslie and Bruzzi, Robert},
  booktitle={Proceedings of the SIGCHI Conference on Human Factors in Computing Systems},
  pages={3655--3664},
  year={2014},
  organization={ACM}
}
@article{moran2016epidemic,
  title={Epidemic forecasting is messier than weather forecasting: The role of human behavior and internet data streams in epidemic forecast},
  author={Moran, Kelly R and Fairchild, Geoffrey and Generous, Nicholas and Hickmann, Kyle and Osthus, Dave and Priedhorsky, Reid and Hyman, James and Del Valle, Sara Y},
  journal={The Journal of infectious diseases},
  volume={214},
  number={suppl\_4},
  pages={S404--S408},
  year={2016},
  publisher={Oxford University Press}
}
@article{amara1971some,
  title={Some views on the use of expert judgment},
  author={Amara, Roy C and Lipinski, Andrew J},
  journal={Technological Forecasting and Social Change},
  volume={3},
  pages={279--289},
  year={1971},
  publisher={Elsevier}
}
@book{o2006uncertain,
  title={Uncertain judgements: eliciting experts' probabilities},
  author={O'Hagan, Anthony and Buck, Caitlin E and Daneshkhah, Alireza and Eiser, J Richard and Garthwaite, Paul H and Jenkinson, David J and Oakley, Jeremy E and Rakow, Tim},
  year={2006},
  publisher={John Wiley \& Sons}
}
@article{dietterich2002ensemble,
  title={Ensemble learning},
  author={Dietterich, Thomas G and others},
  journal={The handbook of brain theory and neural networks},
  volume={2},
  pages={110--125},
  year={2002},
  publisher={MIT press Cambridge, MA}
}
@article{capistran2009forecast,
  title={Forecast combination with entry and exit of experts},
  author={Capistr{\'a}n, Carlos and Timmermann, Allan},
  journal={Journal of Business \& Economic Statistics},
  volume={27},
  number={4},
  pages={428--440},
  year={2009},
  publisher={Taylor \& Francis}
}
@techreport{helmer1967analysis,
  title={Analysis of the future: The Delphi method},
  author={Helmer, Olaf},
  year={1967},
  institution={RAND CORP SANTA MONICA CA}
}
@article{farrington2006nature,
  title={The nature of expertise: A review},
  author={Farrington-Darby, Trudi and Wilson, John R},
  journal={Applied ergonomics},
  volume={37},
  number={1},
  pages={17--32},
  year={2006},
  publisher={Elsevier}
}
@article{ericsson2007capturing,
  title={Capturing the naturally occurring superior performance of experts in the laboratory: Toward a science of expert and exceptional performance},
  author={Ericsson, K Anders and Ward, Paul},
  journal={Current Directions in Psychological Science},
  volume={16},
  number={6},
  pages={346--350},
  year={2007},
  publisher={SAGE Publications Sage CA: Los Angeles, CA}
}
@article{rikers2005recent,
  title={Recent advances in expertise research},
  author={Rikers, Remy MJP and Paas, Fred},
  journal={Applied Cognitive Psychology},
  volume={19},
  number={2},
  pages={145--149},
  year={2005},
  publisher={Wiley Online Library}
}
@book{de2014thought,
  title={Thought and choice in chess},
  author={De Groot, Adriaan D},
  volume={4},
  year={2014},
  publisher={Walter de Gruyter GmbH \& Co KG}
}
@inproceedings{rantilla1999aggregation,
  title={Aggregation of expert opinions},
  author={Rantilla, Adrian K and Budescu, David V},
  booktitle={Proceedings of the 32nd Annual Hawaii International Conference on Systems Sciences. 1999. HICSS-32. Abstracts and CD-ROM of Full Papers},
  pages={11--pp},
  year={1999},
  organization={IEEE}
}

@article{wallsten1997evaluating,
  title={Evaluating and combining subjective probability estimates},
  author={Wallsten, Thomas S and Budescu, David V and Erev, Ido and Diederich, Adele},
  journal={Journal of Behavioral Decision Making},
  volume={10},
  number={3},
  pages={243--268},
  year={1997},
  publisher={Wiley Online Library}
}
@article{wallsten1997combining,
  title={Combining linguistic probabilities.},
  author={Wallsten, Thomas S and Budescu, David V and Tsao, Chen Jung},
  journal={Psychologische Beitrage},
  year={1997},
  publisher={Pabst Science Publishers}
}

@article{biggerstaff2016results,
  title={Results from the centers for disease control and preventionâ€™s predict the 2013--2014 Influenza Season Challenge},
  author={Biggerstaff, Matthew and Alper, David and Dredze, Mark and Fox, Spencer and Fung, Isaac Chun-Hai and Hickmann, Kyle S and Lewis, Bryan and Rosenfeld, Roni and Shaman, Jeffrey and Tsou, Ming-Hsiang and others},
  journal={BMC infectious diseases},
  volume={16},
  number={1},
  pages={357},
  year={2016},
  publisher={BioMed Central}
}
@article{biggerstaff2018results,
  title={Results from the second year of a collaborative effort to forecast influenza seasons in the United States},
  author={Biggerstaff, Matthew and Johansson, Michael and Alper, David and Brooks, Logan C and Chakraborty, Prithwish and Farrow, David C and Hyun, Sangwon and Kandula, Sasikiran and McGowan, Craig and Ramakrishnan, Naren and others},
  journal={Epidemics},
  volume={24},
  pages={26--33},
  year={2018},
  publisher={Elsevier}
}
@article{reich2019collaborative,
  title={A collaborative multiyear, multimodel assessment of seasonal influenza forecasting in the United States},
  author={Reich, Nicholas G and Brooks, Logan C and Fox, Spencer J and Kandula, Sasikiran and McGowan, Craig J and Moore, Evan and Osthus, Dave and Ray, Evan L and Tushar, Abhinav and Yamana, Teresa K and others},
  journal={Proceedings of the National Academy of Sciences},
  volume={116},
  number={8},
  pages={3146--3154},
  year={2019},
  publisher={National Acad Sciences}
}
@article{mcgowan2019collaborative,
  title={Collaborative efforts to forecast seasonal influenza in the United States, 2015--2016},
  author={McGowan, Craig J and Biggerstaff, Matthew and Johansson, Michael and Apfeldorf, Karyn M and Ben-Nun, Michal and Brooks, Logan and Convertino, Matteo and Erraguntla, Madhav and Farrow, David C and Freeze, John and others},
  journal={Scientific reports},
  volume={9},
  number={1},
  pages={1--13},
  year={2019},
  publisher={Nature Publishing Group}
}

@article{li2017human,
  title={Human-in-the-loop data integration},
  author={Li, Guoliang},
  journal={Proceedings of the VLDB Endowment},
  volume={10},
  number={12},
  pages={2006--2017},
  year={2017},
  publisher={VLDB Endowment}
}
@article{yu2015lsun,
  title={Lsun: Construction of a large-scale image dataset using deep learning with humans in the loop},
  author={Yu, Fisher and Seff, Ari and Zhang, Yinda and Song, Shuran and Funkhouser, Thomas and Xiao, Jianxiong},
  journal={arXiv preprint arXiv:1506.03365},
  year={2015}
}
@article{holzinger2016interactive,
  title={Interactive machine learning for health informatics: when do we need the human-in-the-loop?},
  author={Holzinger, Andreas},
  journal={Brain Informatics},
  volume={3},
  number={2},
  pages={119--131},
  year={2016},
  publisher={Springer}
}
@article{cranor2008framework,
  title={A framework for reasoning about the human in the loop},
  author={Cranor, Lorrie F},
  year={2008},
  publisher={Advanced Computing Systems Professional and Technical Association}
}

@article{murphy1984probability,
  title={Probability forecasting in meteorology},
  author={Murphy, Allan H and Winkler, Robert L},
  journal={Journal of the American Statistical Association},
  volume={79},
  number={387},
  pages={489--500},
  year={1984},
  publisher={Taylor \& Francis}
}

@article{murphy1974subjective,
  title={Subjective probability forecasting experiments in meteorology: Some preliminary results},
  author={Murphy, Allan H and Winkler, Robert L},
  journal={Bulletin of the American Meteorological Society},
  volume={55},
  number={10},
  pages={1206--1216},
  year={1974},
  publisher={American Meteorological Society}
}

@article{murphy1974probability,
  title={Probability forecasts: A survey of National Weather Service forecasters},
  author={Murphy, Allan H and Winkler, Robert L},
  journal={Bulletin of the American Meteorological Society},
  volume={55},
  number={12},
  pages={1449--1453},
  year={1974},
  publisher={American Meteorological Society}
}

@article{winkler2019probability,
  title={Probability Forecasts and Their Combination: A Research Perspective},
  author={Winkler, Robert L and Grushka-Cockayne, Yael and Lichtendahl Jr, Kenneth C and Jose, Victor Richmond R},
  journal={Decision Analysis},
  volume={16},
  number={4},
  pages={239--260},
  year={2019},
  publisher={INFORMS}
}