
%econ
@article{shin2013robust,
  title={Robust future-oriented technology portfolios: {B}lack--{L}itterman approach},
  author={Shin, Juneseuk and Coh, Byoung-Youl and Lee, Changyong},
  shortauthor = {Shi},
  journal={R\&D Management},
  volume={43},
  number={5},
  pages={409--419},
  year={2013},
  doi={10.1111/radm.12022},
  publisher={Wiley Online Library}
}

@article{huang2016improving,
  title={{I}mproving {F}orecasting {P}erformance by {E}xploiting {E}xpert {K}nowledge: {E}vidence from {G}uangzhou {P}ort},
  author={Huang, Anqiang and Qiao, Han and Wang, Shouyang and Liu, John},
  shortauthor = {Hua},
  journal={International Journal of Information Technology \& Decision Making},
  volume={15},
  number={02},
  pages={387--401},
  year={2016},
  doi={10.1142/S0219622016500085},
  publisher={World Scientific}
}

@article{mak1996aggregating,
  title={Aggregating and updating experts' knowledge: {A}n experimental evaluation of five classification techniques},
  author={Mak, Brenda and Bui, Tung and Blanning, Robert},
  shortauthor = {Mak},
  journal={Expert Systems with Applications},
  volume={10},
  number={2},
  pages={233--241},
  year={1996},
  doi={10.1016/0957-4174(95)00049-6},
  publisher={Elsevier}
}

@article{guangliang1996multi,
  title={{A} {M}ulti-hierarchical {C}omprehensive {E}valuation {M}odel and its {A}pplication},
  author={Guangliang, Sun},
  shortauthor = {Gua},
  journal={Systems Engineering},
  volume={2},
  year={1996}
}
@article{zio1996use,
  title={On the use of the analytic hierarchy process in the aggregation of expert judgments},
  author={Zio, E},
  shortauthor = {Zio},
  journal={Reliability Engineering \& System Safety},
  volume={53},
  number={2},
  pages={127--138},
  year={1996},
  doi={10.1016/0951-8320(96)00060-9},
  publisher={Elsevier}
}

@inproceedings{neves2008life,
  title={Life-cycle performance of structures: {C}ombining expert judgment and results of inspection},
  author={Neves, LC and Frangopol, D},
  shortauthor = {Nev},
  booktitle={{P}roceedings of the 1st {I}nternational {S}ymposium on {L}ife-{C}ycle {C}ivil {E}ngineering},
  pages={409--414},
  year={2008}
}

@article{borsuk2004predictive,
  title={{P}redictive {A}ssessment of {F}ish {H}ealth and {F}ish {K}ills in the {N}euse {R}iver {E}stuary {U}sing {E}licited {E}xpert {J}udgment},
  author={Borsuk, Mark E},
  shortauthor = {Bor},
  journal={Human and Ecological Risk Assessment},
  volume={10},
  number={2},
  pages={415--434},
  year={2004},
  doi={10.1080/10807030490438454},
  publisher={Taylor \& Francis}
}

%-----------------------53 analysis set articles

%eco
@article{johnson2018making,
  title={Making do with less: must sparse data preclude informed harvest strategies for {E}uropean waterbirds?},
  author={Johnson, Fred A and Alhainen, Mikko and Fox, Anthony D and Madsen, Jesper and Guillemain, Matthieu},
  shortauthor = {Joh2018},
  journal={Ecological Applications},
  volume={28},
  number={2},
  pages={427--441},
  year={2018},
  doi={10.1002/eap.1659},
  publisher={Wiley Online Library}
}

%eco
@article{cooke2014out,
  title={{O}ut-of-sample validation for structured expert judgment of {A}sian carp establishment in {L}ake {E}rie},
  author={Cooke, Roger M and Wittmann, Marion E and Lodge, David M and Rothlisberger, John D and Rutherford, Edward S and Zhang, Hongyan and Mason, Doran M},
  shortauthor = {Coo},
  journal={Integrated Environmental Assessment and Management},
  volume={10},
  number={4},
  pages={522--528},
  year={2014},
  doi={10.1002/ieam.1559},
  publisher={Wiley Online Library}
}

%eco
@article{li2012preliminary,
  title={Preliminary {S}trategic {E}nvironmental {A}ssessment of the {G}reat {W}estern {D}evelopment {S}trategy: {S}afeguarding {E}cological {S}ecurity for a {N}ew {W}estern {C}hina},
  author={Li, Wei and Liu, Yan-ju and Yang, Zhifeng},
  shortauthor = {Li},
  journal={Environmental Management},
  volume={49},
  number={2},
  pages={483--501},
  year={2012},
  doi={10.1007/s00267-011-9794-1},
  publisher={Springer}
}

%safety
@article{klas2010support,
  title={Support planning and controlling of early quality assurance by combining expert judgment and defect dataâ€”a case study},
  author={Kl{\"a}s, Michael and Nakao, Haruka and Elberzhager, Frank and M{\"u}nch, J{\"u}rgen},
  shortauthor = {Kla},
  journal={Empirical Software Engineering},
  volume={15},
  number={4},
  pages={423--454},
  year={2010},
  doi={10.1007/s10664-009-9112-1},
  publisher={Springer}
}

%method


%safety
@article{zio1997accounting,
  title={Accounting for expert-to-expert variability: {A} potential source of bias in performance assessments of high-level radioactive waste repositories},
  author={Zio, E and Apostolakis, GE},
  shortauthor = {Zio},
  journal={Annals of Nuclear Energy},
  volume={24},
  number={10},
  pages={751--762},
  year={1997},
  doi={10.1016/S0306-4549(96)00052-7},
  publisher={Elsevier}
}

%polit
@article{hurley2002combining,
  title={Combining expert judgment: {O}n the performance of trimmed mean vote aggregation procedures in the presence of strategic voting},
  author={Hurley, WJ and Lior, DU},
  shortauthor = {Hur}, 
  journal={European Journal of Operational Research},
  volume={140},
  number={1},
  pages={142--147},
  year={2002},
  doi={10.1016/S0377-2217(01)00226-0},
  publisher={Elsevier}
}

%method
@article{petrovic2006fuzzy,
  title={Fuzzy decision support system for demand forecasting with a learning mechanism},
  author={Petrovic, Dobrila and Xie, Ying and Burnham, Keith},
  shortauthor = {Pet},
  journal={Fuzzy Sets and Systems},
  volume={157},
  number={12},
  pages={1713--1725},
  year={2006},
  doi={doi.org/10.1016/j.fss.2006.03.011},
  publisher={Elsevier}
}

%market/bus/econ
@article{song2013combining,
  title={Combining statistical and judgmental forecasts via a web-based tourism demand forecasting system},
  author={Song, Haiyan and Gao, Bastian Z and Lin, Vera S},
  shortauthor = {Son},
  journal={International Journal of Forecasting},
  volume={29},
  number={2},
  pages={295--310},
  year={2013},
  doi={10.1016/j.ijforecast.2011.12.003},
  publisher={Elsevier}
}

%method
@article{bolger2017deriving,
  title={Deriving the probability of a linear opinion pooling method being superior to a set of alternatives},
  author={Bolger, Donnacha and Houlding, Brett},
  shortauthor = {Bol},
  journal={Reliability Engineering \& System Safety},
  volume={158},
  pages={41--49},
  year={2017},
  publisher={Elsevier}
}

%review
@incollection{clemen2007advances,
  title={{A}ggregating {P}robability {D}istributions},
  booktitle={{A}dvances in {D}ecision {A}nalysis: {F}rom {F}oundations to {A}pplications},
  author={Clemen, Robert T and Winkler, Robert l},
  shortauthor = {Cle},
  shorthand={Cle},
  doi={10.1017/CBO9780511611308.010},
  year={2007}
}

%polit
@article{graefe2014accuracy,
  title={Accuracy of {C}ombined {F}orecasts for the 2012 {P}residential {E}lection: {T}he {P}olly{V}ote},
  author={Graefe, Andreas and Armstrong, J Scott and Jones, Randall J and Cuz{\'a}n, Alfred G},
  shortauthor = {Gra},
  journal={PS: Political Science \& Politics},
  volume={47},
  number={2},
  pages={427--431},
  year={2014},
  doi={ https://doi.org/10.1017/S1049096514000341},
  publisher={Cambridge University Press}
}

%eco
@article{tartakovsky2007probabilistic,
  title={Probabilistic risk analysis in subsurface hydrology},
  author={Tartakovsky, Daniel M},
  shortauthor = {Tar},
  journal={Geophysical Research Letters},
  volume={34},
  number={5},
  year={2007},
  doi={10.1029/2007GL029245},
  publisher={Wiley Online Library}
}

%eco
@article{morales2017characterization,
  title={Characterization of {P}recipitation through {C}opulas and {E}xpert {J}udgement for {R}isk {A}ssessment of {I}nfrastructure},
  author={Morales-N{\'a}poles, Oswaldo and Paprotny, Dominik and Worm, Dani{\"e}l and Abspoel-Bukman, Linda and Courage, Wim},
  shortauthor = {Mor},
  journal={ASCE-ASME Journal of Risk and Uncertainty in Engineering Systems, Part A: Civil Engineering},
  volume={3},
  number={4},
  pages={04017012},
  year={2017},
  doi={10.1061/AJRUA6.0000914},
  publisher={American Society of Civil Engineers}
}

%polit
@article{morgan2014use,
  title={Use (and abuse) of expert elicitation in support of decision making for public policy},
  author={Morgan, M Granger},
  shortauthor = {Mor},
  journal={Proceedings of the National academy of Sciences},
  volume={111},
  number={20},
  pages={7176--7184},
  year={2014},
  doi={10.1073/pnas.1319946111},
  publisher={National Acad Sciences}
}

%eco


%method
@article{cai2016simple,
  title={On a {S}imple and {E}fficient {A}pproach to {P}robability {D}istribution {F}unction {A}ggregation},
  author={Cai, Mengya and Lin, Yingzi and Han, Bin and Liu, Changjun and Zhang, Wenjun},
  shortauthor = {Cai},
  journal={IEEE Transactions on Systems, Man, and Cybernetics: Systems},
  volume={47},
  number={9},
  pages={2444--2453},
  year={2016},
  doi={10.1109/TSMC.2016.2531647},
  publisher={IEEE}
}

%method
@article{hanea2018value,
  title={The {V}alue of {P}erformance {W}eights and {D}iscussion in {A}ggregated {E}xpert {J}udgments},
  author={Hanea, Anca M and McBride, Marissa F and Burgman, Mark A and Wintle, Bonnie C},
  shortauthor = {Han},
  journal={Risk Analysis},
  volume={38},
  number={9},
  pages={1781--1794},
  year={2018},
  doi={10.1111/risa.12992},
  publisher={Wiley Online Library}
}

%econ
@incollection{kabak2008aggregating,
  title={Aggregating forecasts to obtain fuzzy demands},
  author={Kabak, {\"O}zg{\"u}r and {\"U}lengin, F{\"u}sun},
  shortauthor = {Kab},
  booktitle={{C}omputational {I}ntelligence {I}n {D}ecision And {C}ontrol},
  pages={73--78},
  year={2008},
  doi={10.1142/9789812799470_0012},
  publisher={World Scientific}
}

%econ
%polit
@article{graefe2015accuracy,
  title={Accuracy gains of adding vote expectation surveys to a combined forecast of {US} presidential election outcomes},
  author={Graefe, Andreas},
  shortauthor = {Gra},
  journal={Research \& Politics},
  volume={2},
  number={1},
  pages={1-5},
  year={2015},
  doi={10.1177/2053168015570416},
  publisher={Sage Publications Sage UK: London, England}
}

%method
@article{satopaa2014probability,
  title={Probability aggregation in time-series: {D}ynamic hierarchical modeling of sparse expert beliefs},
  author={Satop{\"a}{\"a}, Ville A and Jensen, Shane T and Mellers, Barbara A and Tetlock, Philip E and Ungar, Lyle H and others},
  shortauthor = {Sat},
  journal={The Annals of Applied Statistics},
  volume={8},
  number={2},
  pages={1256--1280},
  year={2014},
  doi={10.1214/14-AOAS739},
  publisher={Institute of Mathematical Statistics}
}

%safety
@article{cabello2012combination,
  title={{C}ombination and {S}election of {T}raffic {S}afety {E}xpert {J}udgments for the {P}revention of {D}riving {R}isks},
  author={Cabello, Enrique and Conde, Cristina and Diego, Isaac and Moguerza, Javier and Redchuk, Andr{\'e}s},
  shortauthor = {Cab},
  journal={Sensors},
  volume={12},
  number={11},
  pages={14711--14729},
  year={2012},
  doi={10.3390/s121114711},
  publisher={Multidisciplinary Digital Publishing Institute}
}

%safety
@inproceedings{adams2009acceptability,
  title={An {A}cceptability {P}redictor for {W}ebsites},
  author={Adams, Ray and White, Anthony and Ceylan, Efe},
  shortauthor = {Ada},
  booktitle={{I}nternational {C}onference on {U}niversal {A}ccess in {H}uman-{C}omputer {I}nteraction},
  pages={628--634},
  year={2009},
  doi={10.1007/978-3-642-02713-0_66},
  organization={Springer}
}

%safety
%polit
@article{graefe2018predicting,
  title={Predicting elections: {E}xperts, polls, and fundamentals},
  author={Graefe, Andreas},
  shortauthor = {Gra},
  journal={Judgment and Decision Making},
  volume={13},
  number={4},
  pages={334},
  year={2018},
  publisher={Society for Judgment \& Decision Making}
}

%econ
@article{failing2004using,
  title={{U}sing {E}xpert {J}udgment and {S}takeholder {V}alues to {E}valuate {A}daptive {M}anagement {O}ptions},
  author={Failing, Lee and Horn, Graham and Higgins, Paul},
  shortauthor = {Fai},
  journal={Ecology and Society},
  volume={9},
  number={1},
  year={2004},
  url = {http://www.ecologyandsociety.org/vol9/iss1/art13/},
  publisher={The Resilience Alliance}
}

%pub health
@article{alho1992estimating,
  title={Estimating the strength of expert judgement: {T}he case of {U}{S} mortality forecasts},
  author={Alho, Juha M},
  shortauthor = {Alh},
  journal={Journal of Forecasting},
  volume={11},
  number={2},
  pages={157--167},
  year={1992},
  doi={doi.org/10.1002/for.3980110206},
  publisher={Wiley Online Library}
}

%pu health
@article{evans1994use,
  title={Use of probabilistic expert judgment in uncertainty analysis of carcinogenic potency},
  author={Evans, John S and Gray, George M and Sielken, Robert L and Smith, Andrew E and Valdezflores, Ciriaco and Graham, John D},
  shortauthor = {Eva},
  journal={Regulatory Toxicology and Pharmacology},
  volume={20},
  number={1},
  pages={15--36},
  year={1994},
  doi={ 10.1006/rtph.1994.1034},
  publisher={Elsevier}
}

%safety
@article{jana2019interval,
  title={Interval type-2 fuzzy logic and its application to occupational safety risk performance in industries},
  author={Jana, Dipak Kumar and Pramanik, Sutapa and Sahoo, Palash and Mukherjee, Anupam},
  shortauthor = {Jan},
  journal={Soft Computing},
  volume={23},
  number={2},
  pages={557--567},
  year={2019},
  doi={10.1007/s00500-017-2860-8},
  publisher={Springer}
}

%method
@article{hora2015calibration,
  title={Calibration, sharpness and the weighting of experts in a linear opinion pool},
  author={Hora, Stephen C and Karde{\c{s}}, Erim},
  shortauthor = {Hor},
  journal={Annals of Operations Research},
  volume={229},
  number={1},
  pages={429--450},
  year={2015},
  doi={10.1007/s10479-015-1846-0},
  publisher={Springer}
}

%eco/weather
@article{abramson1996hailfinder,
  title={Hailfinder: {A} {B}ayesian system for forecasting severe weather},
  author={Abramson, Bruce and Brown, John and Edwards, Ward and Murphy, Allan and Winkler, Robert L},
  shortauthor = {Abr},
  journal={International Journal of Forecasting},
  volume={12},
  number={1},
  pages={57--71},
  year={1996},
  doi={10.1016/0169-2070(95)00664-8},
  publisher={Elsevier}
}

%safety
@inproceedings{hathout2016uncertainty,
  title={{U}ncertainty and {E}xpert {A}ssessment for {S}upporting {E}valuation of {L}evees {S}afety},
  author={Hathout, Michel and Vuillet, Marc and Peyras, Laurent and Carvajal, Claudio and Diab, Youssef},
  shortauthor = {Hat},
  booktitle={3rd {E}uropean {C}onference on {F}lood {R}isk {M}anagement ({FLOOD}risk 2016)},
  pages={6},
  doi={10.1051/e3sconf/20160703019},
  year={2016}
}

% safety
@inproceedings{wang2008probabilistic,
  title={Probabilistic inversion techniques in quantitative risk assessment for power system load forecasting},
  author={Wang, Xiaofeng and Du, Chao and Cao, Zuoliang},
  shortauthor = {Wan},
  booktitle={2008 {I}nternational {C}onference on {I}nformation and {A}utomation},
  pages={718--723},
  year={2008},
  doi={10.1109/ICINFA.2008.4608092},
  organization={IEEE}
}

%safety
@inproceedings{ren2002optimal,
  title={Optimal combined load forecast based on the improved analytic hierarchy process},
  author={Ren-jun, Zhou and Xian-zhong, Duan},
  shortauthor = {Ren},
  booktitle={Proceedings. {I}nternational {C}onference on {P}ower {S}ystem {T}echnology},
  volume={2},
  pages={1096--1100},
  year={2002},
  doi={10.1109/ICPST.2002.1047570},
  organization={IEEE}
}

%eco / weather
@article{mantyka2014understanding,
  title={Understanding and predicting the combined effects of climate change and land-use change on freshwater macroinvertebrates and fish},
  author={Mantyka-Pringle, Chrystal S and Martin, Tara G and Moffatt, David B and Linke, Simon and Rhodes, Jonathan R},
  shortauthor = {Man},
  journal={Journal of Applied Ecology},
  volume={51},
  number={3},
  pages={572--581},
  year={2014},
  doi={10.1111/1365-2664.12236},
  publisher={Wiley Online Library}
}

%eco
@article{kurowicka2010probabilistic,
  title={{P}robabilistic {I}nversion in {P}riority {S}etting of {E}merging {Z}oonoses},
  author={Kurowicka, Dorota and Bucura, Catalin and Cooke, Roger and Havelaar, Arie},
  shortauthor = {Kur},
  journal={Risk Analysis},
  volume={30},
  number={5},
  pages={715--723},
  year={2010},
  doi={10.1111/j.1539-6924.2010.01378.x},
  publisher={Wiley Online Library}
}

%method
@article{baldwin2015weighting,
  title={Weighting {C}omponents of a {C}omposite {S}core using {N}a{\"\i}ve {E}xpert {J}udgments {A}bout {T}heir {R}elative {I}mportance},
  author={Baldwin, Peter},
  shortauthor = {Bal},
  journal={Applied Psychological Measurement},
  volume={39},
  number={7},
  pages={539--550},
  year={2015},
  doi={10.1177/0146621615584703},
  publisher={SAGE Publications Sage CA: Los Angeles, CA}
}

%safety


%powr safety
@article{baecke2017investigating,
  title={Investigating the added value of integrating human judgement into statistical demand forecasting systems},
  author={Baecke, Philippe and De Baets, Shari and Vanderheyden, Karlien},
  shortauthor = {Bae},
  journal={International Journal of Production Economics},
  volume={191},
  pages={85--96},
  year={2017},
  doi={10.1016/j.ijpe.2017.05.016},
  publisher={Elsevier}
}

%method
@article{seifert2013relative,
  title={On the relative importance of linear model and human judge(s) in combined forecasting},
  author={Seifert, Matthias and Hadida, All{\`e}gre L},
  shortauthor = {Sei},
  journal={Organizational Behavior and Human Decision Processes},
  volume={120},
  number={1},
  pages={24--36},
  year={2013},
  doi={10.1016/j.obhdp.2012.08.003},
  publisher={Elsevier}
}

%safety
@article{brito2016bayesian,
  title={A {B}ayesian approach for predicting risk of autonomous underwater vehicle loss during their missions},
  author={Brito, Mario and Griffiths, Gwyn},
  shortauthor = {Bri},
  journal={Reliability Engineering \& System Safety},
  volume={146},
  pages={55--67},
  year={2016},
  doi={10.1016/j.ress.2015.10.004},
  publisher={Elsevier}
}

%sports
@article{gu2016expert,
  title={Expert {S}ystem for {I}ce {H}ockey {G}ame {P}rediction: {D}ata {M}ining with {H}uman {J}udgment},
  author={Gu, Wei and Saaty, Thomas L and Whitaker, Rozann},
  shortauthor = {Gu},
  journal={International Journal of Information Technology \& Decision Making},
  volume={15},
  number={04},
  pages={763--789},
  year={2016},
  doi={10.1142/S0219622016400022},
  publisher={World Scientific}
}

%safety
@article{craig2001bayesian,
  title={Bayesian {F}orecasting for {C}omplex {S}ystems {U}sing {C}omputer {S}imulators},
  author={Craig, Peter S and Goldstein, Michael and Rougier, Jonathan C and Seheult, Allan H},
  shortauthor = {Cra},
  journal={Journal of the American Statistical Association},
  volume={96},
  number={454},
  pages={717--729},
  year={2001},
  doi={10.1198/016214501753168370},
  publisher={Taylor \& Francis}
}

%safety
@inproceedings{mu1999multi,
  title={Multi-hierarchical durability assessment of existing reinforced-concrete structures.},
  author={Mu, L and Xianming, W},
  shortauthor = {Mu},
  booktitle={{P}roceedings of the 8th {I}nternational {C}onference on {D}urability of {B}uilding {M}aterials and {C}omponents},
  pages={49--69},
  url={https://www.irbnet.de/daten/iconda/CIB1808.pdf},
  year={1999}
}

%polit
@article{graefe2014combining,
  title={Combining forecasts: {A}n application to elections},
  author={Graefe, Andreas and Armstrong, J Scott and Jones Jr, Randall J and Cuz{\'a}n, Alfred G},
  shortauthor = {Gra},
  journal={International Journal of Forecasting},
  volume={30},
  number={1},
  pages={43--54},
  year={2014},
  doi={10.1016/j.ijforecast.2013.02.005},
  publisher={Elsevier}
}

%method
@article{alvarado2017expertise,
  title={Expertise, credibility of system forecasts and integration methods in judgmental demand forecasting},
  author={Alvarado-Valencia, Jorge and Barrero, Lope H and {\"O}nkal, Dilek and Dennerlein, Jack T},
  shortauthor = {Alv},
  journal={International Journal of Forecasting},
  volume={33},
  number={1},
  pages={298--313},
  year={2017},
  doi={10.1016/j.ijforecast.2015.12.010},
  publisher={Elsevier}
}

%econ
@article{wang2018bayesian,
  title={{B}ayesian analytics for estimating risk probability in {PPP} waste-to-energy projects},
  author={Wang, Liguang and Zhang, Xueqing},
  shortauthor = {Wan},
  journal={Journal of Management in Engineering},
  volume={34},
  number={6},
  pages={04018047},
  year={2018},
  publisher={American Society of Civil Engineers}
}

%safety
@article{brito2012behavioral,
  title={A {B}ehavioral {P}robabilistic {R}isk {A}ssessment {F}ramework for {M}anaging {A}utonomous {U}nderwater {V}ehicle {D}eployments},
  author={Brito, Mario and Griffiths, Gwyn and Ferguson, James and Hopkin, David and Mills, Richard and Pederson, Richard and MacNeil, Erin},
 shortauthor = {Bri}, 
  journal={Journal of Atmospheric and Oceanic Technology},
  volume={29},
  number={11},
  pages={1689--1703},
  year={2012},
  doi={10.1175/JTECH-D-12-00005.1}
}

%method
@article{hora2013median,
  title={Median {A}ggregation of {D}istribution {F}unctions},
  author={Hora, Stephen C and Fransen, Benjamin R and Hawkins, Natasha and Susel, Irving},
  shortauthor = {Hor},
  journal={Decision Analysis},
  volume={10},
  number={4},
  pages={279--291},
  year={2013},
  doi={10.1287/deca.2013.0282},
  publisher={INFORMS}
}

%method
@article{baron2014two,
  title={Two {R}easons to {M}ake {A}ggregated {P}robability {F}orecasts {M}ore {E}xtreme},
  author={Baron, Jonathan and Mellers, Barbara A and Tetlock, Philip E and Stone, Eric and Ungar, Lyle H},
shortauthor = {Bar},
  journal={Decision Analysis},
  volume={11},
  number={2},
  pages={133--145},
  year={2014},
  doi={10.1287/deca.2014.0293},
  publisher={INFORMS}
}

%method
@article{franses2011averaging,
  title={Averaging {M}odel {F}orecasts and {E}xpert {F}orecasts: {W}hy {D}oes {I}t {W}ork?},
  author={Franses, Philip Hans},
shortauthor = {Fra},
  journal={Interfaces},
  volume={41},
  number={2},
  pages={177--181},
  year={2011},
  doi={10.1287/inte.1100.0554},
  publisher={INFORMS}
}
%-----------------------------------------------
@article{bunn1985statistical,
  title={Statistical efficiency in the linear combination of forecasts},
  author={Bunn, Derek W},
  shortauthor = {Bun},
  journal={International Journal of Forecasting},
  volume={1},
  number={2},
  pages={151--163},
  year={1985},
  doi = {10.1016/0169-2070(85)90020-2},
  publisher={Elsevier}
}
@misc{bunn1979synthesis,
  title={The {S}ynthesis of {P}redictive {M}odels in {M}arketing {R}esearch},
  author={Bunn, Derek W},
  shortauthor = {Bun},
  year={1979},
  doi = {10.2307/3150692},
  publisher={SAGE Publications Sage CA: Los Angeles, CA}
}


@article{van2007super,
  title={Super learner},
  author={Van der Laan, Mark J and Polley, Eric C and Hubbard, Alan E},
shortauthor = {Van},
  journal={Statistical Applications in Genetics and Molecular Biology},
  volume={6},
  number={1},
  year={2007},
  doi={10.2202/1544-6115.1309},
  publisher={De Gruyter}
}

@ainproceeding{polley2010super,
  title={{S}uper {L}earner {I}n {P}rediction},
  author={Polley, Eric C and Van Der Laan, Mark J},
shortauthor = {Pol},
  year={2010}
}


@article{loper2002nltk,
  title={ {NLTK}: {T}he {N}atural {L}anguage {T}oolkit},
  author={Loper, Edward and Bird, Steven},
  shortauthor = {Lop},
  url={	arXiv:cs/0205028},
  year={2002}
}

@article{willett2006porter,
  title={The {P}orter stemming algorithm: {t}hen and now},
  author={Willett, Peter},
shortauthor = {Wil},
  journal={Program: electronic library and information systems},
  volume={40},
  number={3},
  pages={219--223},
  year={2006},
  doi={10.1108/00330330610681295},
  publisher={Emerald Group Publishing Limited}
}

@article{cooke1988calibration,
  title={Calibration and information in expert resolution; a classical approach},
  author={Cooke, Roger and Mendel, Max and Thijs, Wim},
  shortauthor = {Coo},
  journal={Automatica},
  volume={24},
  number={1},
  pages={87--93},
  year={1988},
  doi = {10.1016/0005-1098(88)90011-8},
  publisher={Elsevier}
}

@book{cooke1991experts,
  title={Experts in uncertainty: {O}pinion and subjective probability in science},
  author={Cooke, Roger and others},
  shortauthor = {Coo},
  year={1991},
  publisher={Oxford University Press on Demand}
}

@incollection{cooke2014validating,
  title={Validating {E}xpert {J}udgment with the {C}lassical {M}odel},
  author={Cooke, Roger M},
shortauthor = {Coo},
  booktitle={Experts and Consensus in Social Science},
  pages={191--212},
  year={2014},
  doi={10.1007/978-3-319-08551-7_10},
  publisher={Springer}
}
@article{clemen2008comment,
  title={{C}omment on {C}ooke's classical method},
  author={Clemen, Robert T},
  shortauthor = {Cle},
  journal={Reliability Engineering \& System Safety},
  volume={93},
  number={5},
  pages={760--765},
  year={2008},
  doi={10.1016/j.ress.2008.02.003},
  publisher={Elsevier}
}


@article{cooke2015aggregation,
  title={The {A}ggregation of {E}xpert {J}udgment: {D}o {G}ood {T}hings {C}ome to {T}hose {W}ho {W}eight?},
  author={Cooke, Roger M},
  shortauthor = {Coo},
  journal={Risk Analysis},
  volume={35},
  number={1},
  pages={12--15},
  year={2015},
  doi={10.1111/risa.12353},
  publisher={Wiley Online Library}
}

%weather
@article{berrocal2007combining,
  title={Combining {S}patial {S}tatistical and {E}nsemble {I}nformation in {P}robabilistic {W}eather {F}orecasts},
  author={Berrocal, Veronica J and Raftery, Adrian E and Gneiting, Tilmann},
  shortauthor = {Ber},
  journal={Monthly Weather Review},
  volume={135},
  number={4},
  pages={1386--1402},
  doi={10.1175/MWR3341.1},
  year={2007}
}

@article{glahn2009mos,
  title={{MOS} {U}ncertainty {E}stimates in an {E}nsemble {F}ramework},
  author={Glahn, Bob and Peroutka, Matthew and Wiedenfeld, Jerry and Wagner, John and Zylstra, Greg and Schuknecht, Bryan and Jackson, Bryan},
  shortauthor = {Gla},
  journal={Monthly Weather Review},
  volume={137},
  number={1},
  pages={246--268},
  year={2009},
  doi={10.1175/2008MWR2569.1}
}


@article{kleiber2011locally,
  title={Locally {C}alibrated {P}robabilistic {T}emperature {F}orecasting {U}sing {G}eostatistical {M}odel {A}veraging and {L}ocal {B}ayesian {M}odel {A}veraging},
  author={Kleiber, William and Raftery, Adrian E and Baars, Jeffrey and Gneiting, Tilmann and Mass, Clifford F and Grimit, Eric},
  shortauthor = {Kle},
  journal={Monthly Weather Review},
  volume={139},
  number={8},
  pages={2630--2649},
  doi={10.1175/2010MWR3511.1},
  year={2011}
}

@inproceedings{ungar2012good,
  title={{T}he {G}ood {J}udgment {P}roject: {A} {L}arge {S}cale {T}est of {D}ifferent {M}ethods of {C}ombining {E}xpert {P}redictions},
  author={Lyle H. Ungar and Barbara A. Mellers and Ville Satopaa and Philip Tetlock and Jonathan Baron},
  shortauthor = {Ung},
  booktitle={{AAAI} {F}all {S}ymposium: {M}achine {A}ggregation of {H}uman {J}udgment},
  url={https://www.aaai.org/ocs/index.php/FSS/FSS12/paper/view/5570/5871},
  year={2012}
}

@article{wallis2011combining,
  title={Combining forecasts--forty years later},
  author={Wallis, Kenneth F},
  shortauthor = {Wal},
  journal={Applied Financial Economics},
  volume={21},
  number={1-2},
  pages={33--41},
  year={2011},
  doi={10.1080/09603107.2011.523179},
  publisher={Taylor \& Francis}
}

@article{mellers2014psychological,
  title={Psychological {S}trategies for {W}inning a {G}eopolitical {F}orecasting {T}ournament},
  author={Mellers, Barbara and Ungar, Lyle and Baron, Jonathan and Ramos, Jaime and Gurcay, Burcu and Fincher, Katrina and Scott, Sydney E and Moore, Don and Atanasov, Pavel and Swift, Samuel A and others},
  shortauthor = {Mel},
  journal={Psychological Science},
  volume={25},
  number={5},
  pages={1106--1115},
  year={2014},
  doi={10.1177/0956797614524255},
  publisher={Sage Publications Sage CA: Los Angeles, CA}
}

@book{ayyub2001elicitation,
  title={Elicitation of {E}xpert {O}pinions for {U}ncertainty and {R}isks},
  author={Ayyub, Bilal M},
  shortauthor = {Ayy},
  year={2001},
  publisher={CRC press}
}

@article{yousuf2007using,
  title={Using {E}xpertsâ€™ {O}pinions {T}hrough {D}elphi {T}echnique},
  author={Yousuf, Muhammad Imran},
  shortauthor = {You},
  journal={Practical Assessment, Research \& Evaluation},
  volume={12},
  number={4},
  pages={1--8},
  doi={/10.7275/rrph-t210 },
  year={2007}
}
@article{powell2003delphi,
  title={The {D}elphi technique: myths and realities},
  author={Powell, Catherine},
  shortauthor = {Pow},
  journal={Journal of Advanced Nursing},
  volume={41},
  number={4},
  pages={376--382},
  year={2003},
  doi={10.1046/j.1365-2648.2003.02537.x},
  publisher={Wiley Online Library}
}
@article{normand1998eliciting,
  title={Eliciting expert opinion using the {D}elphi technique: identifying performance indicators for cardiovascular disease},
  author={Normand, Sharon-Lise T and McNeil, Barbara J and Peterson, Laura E and Palmer, R Heather},
  shortauthor = {Nor},
  journal={International Journal for Quality in Health Care},
  volume={10},
  number={3},
  pages={247--260},
  year={1998},
  doi={10.1093/intqhc/10.3.247},
  publisher={Oxford University Press}
}

%economics
@article{leal2007eliciting,
  title={Eliciting expert opinion for economic models: {a}n applied example},
  author={Leal, Jos{\'e} and Wordsworth, Sarah and Legood, Rosa and Blair, Edward},
  shortauthor = {Lea},
  journal={Value in Health},
  volume={10},
  number={3},
  pages={195--203},
  year={2007},
  doi={10.1111/j.1524-4733.2007.00169.x},
  publisher={Wiley Online Library}
}

%ecological
@article{martin2012eliciting,
  title={{E}liciting {E}xpert {K}nowledge in {C}onservation {S}cience},
  author={Martin, Tara G and Burgman, Mark A and Fidler, Fiona and Kuhnert, Petra M and Low-Choy, SAMANTHA and McBride, Marissa and Mengersen, Kerrie},
  shortauthor = {Mar},
  journal={Conservation Biology},
  volume={26},
  number={1},
  pages={29--38},
  year={2012},
  doi={10.1111/j.1523-1739.2011.01806.x.},
  publisher={Wiley Online Library}
}

@article{EVANS199415,
title = "Use of Probabilistic Expert Judgment in Uncertainty Analysis of Carcinogenic Potency",
journal = "Regulatory Toxicology and Pharmacology",
volume = "20",
number = "1",
pages = "15 - 36",
year = "1994",
issn = "0273-2300",
doi = "10.1006/rtph.1994.1034",
url = "http://www.sciencedirect.com/science/article/pii/S0273230084710348",
author = "J.S. Evans and G.M. Gray and R.L. Sielken and A.E. Smith and C. Valdezflores and J.D. Graham"
}

@article{edmundson1990decomposition,
  title={Decomposition; a strategy for judgemental forecasting},
  author={Edmundson, RH},
  journal={Journal of Forecasting},
  volume={9},
  number={4},
  pages={305--314},
  year={1990},
  doi={10.1002/for.3980090403},
  publisher={Wiley Online Library}
}
@article{bunn1991interaction,
  title={Interaction of {J}udgemental and {S}tatistical {F}orecasting {M}ethods: {I}ssues \& {A}nalysis},
  author={Bunn, Derek and Wright, George},
  journal={Management Science},
  volume={37},
  number={5},
  pages={501--518},
  year={1991},
  doi={10.1287/mnsc.37.5.501},
  publisher={INFORMS}
}
@article{lawrence1992exploring,
  title={Exploring judgemental forecasting},
  author={Lawrence, Michael and O'Connor, Marcus},
  journal={International Journal of Forecasting},
  volume={8},
  number={1},
  pages={15--26},
  year={1992},
  doi={10.1016/0169-2070(92)90004-S},
  publisher={Elsevier}
}
@article{o1993judgemental,
  title={Judgemental forecasting in times of change},
  author={O'Connor, Marcus and Remus, William and Griggs, Ken},
  journal={International Journal of Forecasting},
  volume={9},
  number={2},
  pages={163--172},
  year={1993},
  doi={10.1016/0169-2070(93)90002-5},
  publisher={Elsevier}
}

@incollection{armstrong2001combining,
  title={Combining {F}orecasts},
  author={Armstrong, J Scott},
  booktitle={{P}rinciples of {F}orecasting. {I}nternational {S}eries in {O}perations {R}esearch and {M}anagement {S}cience},
  pages={417--439},
  year={2001},
  doi={10.1007/978-0-306-47630-3_19},
  publisher={Springer}
}

@article{bates1969combination,
  title={The {C}ombination of {F}orecasts},
  author={Bates, John M and Granger, Clive WJ},
  journal={Journal of the Operational Research Society},
  volume={20},
  number={4},
  pages={451--468},
  year={1969},
  month={12},
  doi = {10.1057/jors.1969.103},
  publisher={Taylor \& Francis}
}

@article{granger1984improved,
  title={Improved methods of combining forecasts},
  author={Granger, Clive WJ and Ramanathan, Ramu},
  journal={Journal of Forecasting},
  volume={3},
  number={2},
  pages={197--204},
  year={1984},
  doi = {10.1002/for.3980030207},
  publisher={Wiley Online Library}
}

@article{morris1974decision,
  title={Decision {A}nalysis {E}xpert {U}se},
  author={Morris, Peter A},
  journal={Management Science},
  volume={20},
  number={9},
  pages={1233--1241},
  month = {5},
  year={1974},
  url = {www.jstor.org/stable/2630184.},
  publisher={INFORMS}
}

@article{gneiting2013combining,
  title={Combining predictive distributions},
  author={Gneiting, Tilmann and Ranjan, Roopesh and others},
  journal={Electronic Journal of Statistics},
  volume={7},
  pages={1747--1782},
  year={2013},
  doi={10.1214/13-EJS823},
  publisher={The Institute of Mathematical Statistics and the Bernoulli Society}
}

@article{garratt2019empirically,
  title={Empirically-transformed linear opinion pools},
  author={Garratt, Anthony and Henckel, Timo and Vahey, Shaun P},
  year={2019},
  publisher={{CAMA} Working Paper}
}

@article{baran2018combining,
  title={Combining predictive distributions for the statistical post-processing of ensemble forecasts},
  author={Baran, S{\'a}ndor and Lerch, Sebastian},
  journal={International Journal of Forecasting},
  volume={34},
  number={3},
  pages={477--496},
  year={2018},
  doi={10.1016/j.ijforecast.2018.01.005},
  publisher={Elsevier}
}

@article{bassetti2018bayesian,
  title={Bayesian {N}onparametric {C}alibration and {C}ombination of {P}redictive {D}istributions},
  author={Bassetti, Federico and Casarin, Roberto and Ravazzolo, Francesco},
  journal={Journal of the American Statistical Association},
  volume={113},
  number={522},
  pages={675--685},
  year={2018},
  doi={10.1080/01621459.2016.1273117},
  publisher={Taylor \& Francis}
}


@book{jolliffe2012forecast,
  title={{F}orecast {V}erification: a {P}ractitioner's {G}uide in {A}tmospheric {S}cience},
  author={Jolliffe, Ian T and Stephenson, David B},
  year={2012},
  doi={10.1002/9781119960003},
  publisher={John Wiley \& Sons}
}
@article{gneiting2011comparing,
  title={Comparing {D}ensity {F}orecasts {U}sing {T}hreshold-and {Q}uantile-{W}eighted {S}coring {R}ules},
  author={Gneiting, Tilmann and Ranjan, Roopesh},
  journal={Journal of Business \& Economic Statistics},
  volume={29},
  number={3},
  pages={411--422},
  year={2011},
  doi={10.1198/jbes.2010.08110},
  publisher={Taylor \& Francis}
}
@article{dawid2007geometry,
  title={The geometry of proper scoring rules},
  author={Dawid, A Philip},
  journal={Annals of the Institute of Statistical Mathematics},
  volume={59},
  number={1},
  pages={77--93},
  year={2007},
  doi={10.1007/s10463-006-0099-8},
  publisher={Springer}
}
@article{gneiting2007strictly,
  title={{S}trictly {P}roper {S}coring {R}ules, {P}rediction, and {E}stimation},
  author={Gneiting, Tilmann and Raftery, Adrian E},
  journal={Journal of the American Statistical Association},
  volume={102},
  number={477},
  pages={359--378},
  year={2007},
  doi={10.1198/016214506000001437},
  publisher={Taylor \& Francis}
}

@book{armstrong1985crystal,
  title={Long-range Forecasting: {F}rom {C}rystal {B}all to {C}omputer},
  author={Armstrong, J Scott},
  publisher={Wiley},
  shortauthor = {Arm},
  year={1985}
}
@article{mclaughlin1973forecasters,
  title={The forecasters' batting averages},
  author={McLaughlin, Robert L},
  journal={Business Economics},
  pages={58--59},
  year={1973},
  publisher={JSTOR}
}
@article{fischer1999combining,
  title={{C}ombining forecasts: {W}hat information do judges need to outperform the simple average?},
  author={Fischer, Ilan and Harvey, Nigel},
  journal={International Journal of Forecasting},
  volume={15},
  number={3},
  pages={227--246},
  year={1999},
  doi={0.1016/S0169-2070(98)00073-9},
  publisher={Elsevier}
}

@article{winkler1971probabilistic,
  title={Probabilistic prediction: Some experimental results},
  author={Winkler, Robert L},
  journal={Journal of the American Statistical Association},
  volume={66},
  number={336},
  pages={675--685},
  year={1971},
  doi = {10.1080/01621459.1971.10482329},
  publisher={Taylor \& Francis Group}
}

@article{alexander1995refining,
  title={Refining the {D}egree of {E}arnings {S}urprise: A {C}omparison of {S}tatistical and {A}nalysts' {F}orecasts},
  author={Alexander Jr, John C},
  journal={Financial Review},
  volume={30},
  number={3},
  pages={469--506},
  year={1995},
  doi={10.1111/j.1540-6288.1995.tb00842.x},
  publisher={Wiley Online Library}
}
@article{spence1997moderating,
  title={The {M}oderating {E}ffects of {P}roblem {C}haracteristics on {E}xpertsâ€™ and {N}ovicesâ€™ {J}udgments},
  author={Spence, Mark T and Brucks, Merrie},
  journal={Journal of Marketing Research},
  volume={34},
  number={2},
  pages={233--247},
  year={1997},
  doi={10.2307/3151861},
  publisher={SAGE Publications Sage CA: Los Angeles, CA}
}

@article{lawrence2006judgmental,
  title={Judgmental {F}orecasting: A {R}eview of {P}rogress over the {L}ast 25 years},
  author={Lawrence, Michael and Goodwin, Paul and O'Connor, Marcus and {\"O}nkal, Dilek},
  journal={International Journal of Forecasting},
  volume={22},
  number={3},
  pages={493--518},
  year={2006},
  doi={10.1016/j.ijforecast.2006.03.007},
  publisher={Elsevier}
}
@article{armstrong1983relative,
  title={Relative {A}ccuracy of {J}udgemental and {E}xtrapolative {M}ethods in {F}orecasting {A}nnual {E}arnings},
  author={Armstrong, J Scott},
  journal={Journal of Forecasting},
  volume={2},
  number={4},
  pages={437--447},
  year={1983},
  doi = {10.1002/for.3980020411},
  publisher={Wiley Online Library}
}
@article{hogarth1975cognitive,
  title={Cognitive {P}rocesses and the {A}ssessment of {S}ubjective {P}robability {D}istributions},
  author={Hogarth, Robin M},
  journal={Journal of the American Statistical Association},
  volume={70},
  number={350},
  pages={271--289},
  year={1975},
  doi = {10.2307/2285808},
  publisher={Taylor \& Francis}
}
@article{keeney1976group,
  title={A {G}roup {P}reference {A}xiomatization with {C}ardinal {U}tility},
  author={Keeney, Ralph L},
  journal={Management Science},
  volume={23},
  number={2},
  pages={140--145},
  year={1976},
  url = {https://www.jstor.org/stable/2629821},
  publisher={INFORMS}
}

@book{hammond2001essential,
  title={The {E}ssential {B}runswik: {B}eginnings, {E}xplications, {A}pplications},
  author={Hammond, Kenneth R and Stewart, Thomas R},
  year={2001},
  url = {https://psycnet.apa.org/record/2001-18779-000},
  publisher={Oxford University Press}
}

@incollection{armstrong2001judgmental,
  title={Judgmental {B}ootstrapping: {I}nferring {E}xpertsâ€™ {R}ules for {F}orecasting},
  author={Armstrong, J Scott},
  booktitle={{P}rinciples of {F}orecasting. {I}nternational {S}eries in {O}perations {R}esearch and {M}anagement {S}cience},
  pages={171--192},
  year={2001},
  doi={10.1007/978-0-306-47630-3_9},
  publisher={Springer}
}

@article{ranjan2010combining,
  title={Combining probability forecasts},
  author={Ranjan, Roopesh and Gneiting, Tilmann},
  journal={Journal of the Royal Statistical Society: Series B (Statistical Methodology)},
  volume={72},
  number={1},
  pages={71--91},
  year={2010},
  doi={doi.org/10.1111/j.1467-9868.2009.00726.x},
  publisher={Wiley Online Library}
}

@article{french2011aggregating,
  title={Aggregating expert judgement},
  author={French, Simon},
  journal={Revista de la Real Academia de Ciencias Exactas, Fisicas y Naturales. Serie A. Matematicas},
  volume={105},
  number={1},
  pages={181--206},
  year={2011},
  doi={10.1007/s13398-011-0018-6},
  publisher={Springer}
}

@article{degroot1988bayesian,
  title={A {B}ayesian view of assessing uncertainty and comparing expert opinion},
  author={DeGroot, Morris H},
  journal={Journal of Statistical Planning and Inference},
  volume={20},
  number={3},
  pages={295--306},
  year={1988},
  doi={doi.org/10.1016/0378-3758(88)90094-8},
  publisher={Elsevier}
}

@article{dawid1995coherent,
  title={Coherent combination of experts' opinions},
  author={Dawid, AP and DeGroot, MH and Mortera, J and Cooke, Roger and French, S and Genest, C and Schervish, MJ and Lindley, DV and McConway, KJ and Winkler, RL},
  journal={Test},
  volume={4},
  number={2},
  pages={263--313},
  year={1995},
  doi={10.1007/BF02562628},
  publisher={Springer}
}

@article{winkler1968consensus,
  title={The {C}onsensus of {S}ubjective {P}robability {D}istributions},
  author={Winkler, Robert L},
  journal={Management Science},
  volume={15},
  number={2},
  pages={B--61},
  year={1968},
  month={10},
  url = {www.jstor.org/stable/2628853},
  publisher={INFORMS}
}

@article{genest1986combining,
  title={Combining {P}robability {D}istributions: A {C}ritique and an {A}nnotated {B}ibliography},
  author={Genest, Christian and Zidek, James V and others},
  shortauthor = {Gen},
  journal={Statistical Science},
  volume={1},
  number={1},
  pages={114--135},
  year={1986},
  doi = {doi:10.1214/ss/1177013825},
  publisher={Institute of Mathematical Statistics}
}

@article{winkler1981combining,
  title={Combining {P}robability {D}istributions from {D}ependent {I}nformation {S}ources},
  author={Winkler, Robert L},
  journal={Management Science},
  volume={27},
  number={4},
  pages={479--488},
  year={1981},
  doi = {10.1287/mnsc.27.4.479},
  publisher={INFORMS}
}

@article{stone1961opinion,
  title={The {O}pinion {P}ool},
  author={Stone, Mervyn},
  journal={The Annals of Mathematical Statistics},
  volume = {32},
  number = {4},
  pages={1339--1342},
  year={1961},
  doi = {www.jstor.org/stable/2237933},
  publisher={JSTOR}
}
@article{clemen1999combining,
  title={Combining {P}robability {D}istributions {F}rom {E}xperts in {R}isk {A}nalysis},
  author={Clemen, Robert T and Winkler, Robert L},
  journal={Risk Analysis},
  volume={19},
  number={2},
  pages={187--203},
  year={1999a},
  doi={10.1111/j.1539-6924.1999.tb00399.x},
  publisher={Springer}
}

@article{galton1907vox,
  title={Vox populi},
  author={Galton, Francis},
  journal={Nature},
  volume={75},
  number={7},
  pages={450--451},
  year={1907},
  doi = {10.1038/075450a0}
}

@article{jin2007research,
  title={Research progress on the durability design and life prediction of concrete structures.},
  author={Jin, Weiliang and Lu, Qingfang and Gan, Weizhong},
  journal={Journal of Building Structures},
  volume={28},
  number={1},
  pages={7--13},
  year={2007}
}


@article{ ISI:000456351800095,
Author = {Tang, Lei and Wang, Xifan and Wang, Xiuli and Shao, Chengcheng and Liu,
   Shiyu and Tian, Shijun},
Title = {{Long-term electricity consumption forecasting based on expert prediction
   and fuzzy Bayesian theory}},
Journal = {{ENERGY}},
Year = {{2019}},
Volume = {{167}},
Pages = {{1144-1154}},
Month = {1},
DOI = {{10.1016/j.energy.2018.10.073}},
ISSN = {{0360-5442}},
EISSN = {{1873-6785}},
Times-Cited = {{0}},
Unique-ID = {{ISI:000456351800095}},
}

@article{ ISI:000454302600006,
Author = {Arieli, Itai and Babichenko, Yakov and Smorodinsky, Rann},
Title = {{Robust forecast aggregation}},
Journal = {{PROCEEDINGS OF THE NATIONAL ACADEMY OF SCIENCES OF THE UNITED STATES OF
   AMERICA}},
Year = {{2018}},
Volume = {{115}},
Number = {{52}},
Pages = {{E12135-E12143}},
Month = {12},
DOI = {{10.1073/pnas.1813934115}},
ISSN = {{0027-8424}},
Times-Cited = {{0}},
Unique-ID = {{ISI:000454302600006}},
}

@article{ ISI:000454097600001,
Author = {Christophersen, Annemarie and Deligne, I, Natalia and Hanea, Anca M. and
   Chardot, Lauriane and Fournier, Nicolas and Aspinall, Willy P.},
Title = {{Bayesian Network Modeling and Expert Elicitation for Probabilistic Eruption Forecasting: Pilot Study for Whakaari/White Island, New Zealand}},
Journal = {{FRONTIERS IN EARTH SCIENCE}},
Year = {{2018}},
Volume = {{6}},
Month = {11},
DOI = {{10.3389/feart.2018.00211}},
Article-Number = {{UNSP 211}},
ISSN = {{2296-6463}},
Times-Cited = {{0}},
Unique-ID = {{ISI:000454097600001}},
}

%ecological
@article{ ISI:000433208600001,
Author = {Bebbington, Mark S. and Stirling, Mark W. and Cronin, Shane and Wang,
   Ting and Jolly, Gill},
Title = {{National-level long-term eruption forecasts by expert elicitation}},
Journal = {{BULLETIN OF VOLCANOLOGY}},
Year = {{2018}},
Volume = {{80}},
Number = {{6}},
Month = {6},
DOI = {{10.1007/s00445-018-1230-4}},
Article-Number = {{56}},
ISSN = {{0258-8900}},
EISSN = {{1432-0819}},
ORCID-Numbers = {{Bebbington, Mark/0000-0003-3504-7418
   Cronin, Shane/0000-0001-7499-603X}},
Times-Cited = {{1}},
Unique-ID = {{ISI:000433208600001}},
}

@article{ ISI:000415721300002,
Author = {Lohre, Erik and Teigen, Karl Halvor},
Title = {{Probabilities Associated with Precise and Vague Forecasts}},
Journal = {{JOURNAL OF BEHAVIORAL DECISION MAKING}},
Year = {{2017}},
Volume = {{30}},
Number = {{5}},
Pages = {{1014-1026}},
Month = {12},
DOI = {{10.1002/bdm.2021}},
ISSN = {{0894-3257}},
EISSN = {{1099-0771}},
Times-Cited = {{4}},
Unique-ID = {{ISI:000415721300002}},
}

@article{ ISI:000412034800004,
Author = {Rae, Andrew and Alexander, Rob},
Title = {{Forecasts or fortune-telling: When are expert judgements of safety risk
   valid?}},
Journal = {{SAFETY SCIENCE}},
Year = {{2017}},
Volume = {{99}},
Number = {{B, SI}},
Pages = {{156-165}},
Month = {11},
DOI = {{10.1016/j.ssci.2017.02.018}},
ISSN = {{0925-7535}},
EISSN = {{1879-1042}},
ORCID-Numbers = {{Rae, Andrew/0000-0002-9540-503X}},
Times-Cited = {{5}},
Unique-ID = {{ISI:000412034800004}},
}

@article{ ISI:000411097600002,
Author = {Cai, Mengya and Lin, Yingzi and Han, Bin and Liu, Changjun and Zhang,
   Wenjun},
Title = {{On a Simple and Efficient Approach to Probability Distribution Function
   Aggregation}},
Journal = {{IEEE TRANSACTIONS ON SYSTEMS MAN CYBERNETICS-SYSTEMS}},
Year = {{2017}},
Volume = {{47}},
Number = {{9}},
Pages = {{2444-2453}},
Month = {9},
DOI = {{10.1109/TSMC.2016.2531647}},
ISSN = {{2168-2216}},
Times-Cited = {{8}},
Unique-ID = {{ISI:000411097600002}},
}

@article{ ISI:000395831200021,
Author = {Liu, Bidong and Nowotarski, Jakub and Hong, Tao and Weron, Rafal},
Title = {{Probabilistic Load Forecasting via Quantile Regression Averaging on
   Sister Forecasts}},
Journal = {{IEEE TRANSACTIONS ON SMART GRID}},
Year = {{2017}},
Volume = {{8}},
Number = {{2}},
Pages = {{730-737}},
Month = {3},
DOI = {{10.1109/TSG.2015.2437877}},
ISSN = {{1949-3053}},
EISSN = {{1949-3061}},
ORCID-Numbers = {{Hong, Tao/0000-0003-2421-7290
   Weron, Rafal/0000-0003-1619-5239}},
Times-Cited = {{24}},
Unique-ID = {{ISI:000395831200021}},
}

@article{ ISI:000393819300010,
Author = {Pauwels, Laurent L. and Vasnev, Andrey L.},
Title = {{Forecast combination for discrete choice models: predicting FOMC
   monetary policy decisions}},
Journal = {{EMPIRICAL ECONOMICS}},
Year = {{2017}},
Volume = {{52}},
Number = {{1}},
Pages = {{229-254}},
Month = {2},
DOI = {{10.1007/s00181-016-1080-x}},
ISSN = {{0377-7332}},
EISSN = {{1435-8921}},
Times-Cited = {{0}},
Unique-ID = {{ISI:000393819300010}},
}

%ecological
@article{ ISI:000392679800009,
Author = {Durbach, Ian and Merven, Bruno and McCall, Bryce},
Title = {{Expert elicitation of autocorrelated time series with application to e3
   (energy-environment-economic) forecasting models}},
Journal = {{ENVIRONMENTAL MODELLING \& SOFTWARE}},
Year = {{2017}},
Volume = {{88}},
Pages = {{93-105}},
Month = {2},
DOI = {{10.1016/j.envsoft.2016.11.007}},
ISSN = {{1364-8152}},
EISSN = {{1873-6726}},
ORCID-Numbers = {{Durbach, Ian/0000-0003-0769-2153}},
Times-Cited = {{4}},
Unique-ID = {{ISI:000392679800009}},
}

@article{ ISI:000391080300019,
Author = {Hanea, A. M. and McBride, M. F. and Burgman, M. A. and Wintle, B. C. and
   Fidler, F. and Flander, L. and Twardy, C. R. and Manning, B. and
   Mascaro, S.},
Title = {{InvestigateDiscussEstimateAggregate for structured expert judgement}},
Journal = {{INTERNATIONAL JOURNAL OF FORECASTING}},
Year = {{2017}},
Volume = {{33}},
Number = {{1}},
Pages = {{267-279}},
Month = {1},
DOI = {{10.1016/j.ijforecast.2016.02.008}},
ISSN = {{0169-2070}},
EISSN = {{1872-8200}},
ORCID-Numbers = {{Hanea, Anca/0000-0003-3870-5949}},
Times-Cited = {{10}},
Unique-ID = {{ISI:000391080300019}},
}

@article{ ISI:000391080300023,
Author = {Wilson, Kevin J.},
Title = {{An investigation of dependence in expert judgement studies with multiple
   experts}},
Journal = {{INTERNATIONAL JOURNAL OF FORECASTING}},
Year = {{2017}},
Volume = {{33}},
Number = {{1}},
Pages = {{325-336}},
Month = {1},
DOI = {{10.1016/j.ijforecast.2015.11.014}},
ISSN = {{0169-2070}},
EISSN = {{1872-8200}},
Times-Cited = {{5}},
Unique-ID = {{ISI:000391080300023}},
}

@article{ ISI:000391900700031,
Author = {Satopaa, Ville A. and Pemantle, Robin and Ungar, Lyle H.},
Title = {{Modeling Probability Forecasts via Information Diversity}},
Journal = {{JOURNAL OF THE AMERICAN STATISTICAL ASSOCIATION}},
Year = {{2016}},
Volume = {{111}},
Number = {{516}},
Pages = {{1623-1633}},
Month = {12},
DOI = {{10.1080/01621459.2015.1100621}},
ISSN = {{0162-1459}},
EISSN = {{1537-274X}},
Times-Cited = {{3}},
Unique-ID = {{ISI:000391900700031}},
}

@article{ ISI:000389612400020,
Author = {Goodie, Adam S. and Meisel, Matthew K. and Ceren, Roi and Hall, Daniel
   B. and Doshi, Prashant},
Title = {{Evaluating and Improving Probability Assessment in an Ambiguous,
   Sequential Environment}},
Journal = {{CURRENT PSYCHOLOGY}},
Year = {{2016}},
Volume = {{35}},
Number = {{4}},
Pages = {{667-673}},
Month = {12},
DOI = {{10.1007/s12144-015-9335-9}},
ISSN = {{1046-1310}},
EISSN = {{1936-4733}},
Times-Cited = {{0}},
Unique-ID = {{ISI:000389612400020}},
}

@article{ ISI:000388214700001,
Author = {Fard, Mahtab Jahanbani and Wang, Ping and Chawla, Sanjay and Reddy,
   Chandan K.},
Title = {{A Bayesian Perspective on Early Stage Event Prediction in Longitudinal
   Data}},
Journal = {{IEEE TRANSACTIONS ON KNOWLEDGE AND DATA ENGINEERING}},
Year = {{2016}},
Volume = {{28}},
Number = {{12}},
Pages = {{3126-3139}},
Month = {12},
DOI = {{10.1109/TKDE.2016.2608347}},
ISSN = {{1041-4347}},
EISSN = {{1558-2191}},
Times-Cited = {{6}},
Unique-ID = {{ISI:000388214700001}},
}

@article{ ISI:000386420800021,
Author = {Ernst, Philip and Pemantle, Robin and Satopaa, Ville and Ungar, Lyle},
Title = {{Bayesian aggregation of two forecasts in the partial information
   framework}},
Journal = {{STATISTICS \& PROBABILITY LETTERS}},
Year = {{2016}},
Volume = {{119}},
Pages = {{170-180}},
Month = {12},
DOI = {{10.1016/j.spl.2016.07.018}},
ISSN = {{0167-7152}},
EISSN = {{1879-2103}},
Times-Cited = {{1}},
Unique-ID = {{ISI:000386420800021}},
}

@article{ ISI:000385414600008,
Author = {Chang, Welton and Chen, Eva and Mellers, Barbara and Tetlock, Philip},
Title = {{Developing expert political judgment: The impact of training and
   practice on judgmental accuracy in geopolitical forecasting tournaments}},
Journal = {{JUDGMENT AND DECISION MAKING}},
Year = {{2016}},
Volume = {{11}},
Number = {{5}},
Pages = {{509-526}},
Month = {9},
ISSN = {{1930-2975}},
Times-Cited = {{7}},
Unique-ID = {{ISI:000385414600008}},
}

@article{ ISI:000383059600007,
Author = {Pfeifer, Phillip E.},
Title = {{The promise of pick-the-winners contests for producing crowd probability
   forecasts}},
Journal = {{THEORY AND DECISION}},
Year = {{2016}},
Volume = {{81}},
Number = {{2}},
Pages = {{255-278}},
Month = {8},
DOI = {{10.1007/s11238-015-9533-9}},
ISSN = {{0040-5833}},
EISSN = {{1573-7187}},
Times-Cited = {{0}},
Unique-ID = {{ISI:000383059600007}},
}

@incollection{ ISI:000376609200005,
Author = {Kaczmarek, Katarzyna and Hryniewicz, Olgierd},
Editor = {{DeTre, G and Grzegorzewski, P and Kacprzyk, J and Owsinski, JW and Penczek, W and Zadrozny, S}},
Title = {{Forecasting of Short Time Series with Intelligent Computing}},
Booktitle = {{CHALLENGING PROBLEMS AND SOLUTIONS IN INTELLIGENT SYSTEMS}},
Series = {{Studies in Computational Intelligence}},
Year = {{2016}},
Volume = {{634}},
Pages = {{59-74}},
DOI = {{10.1007/978-3-319-30165-5\_4}},
ISSN = {{1860-949X}},
ISBN = {{978-3-319-30165-5; 978-3-319-30164-8}},
ORCID-Numbers = {{Hryniewicz, Olgierd/0000-0001-9877-508X}},
Times-Cited = {{0}},
Unique-ID = {{ISI:000376609200005}},
}

@article{ ISI:000365867100023,
Author = {Leonelli, Manuele and Smith, James Q.},
Title = {{Bayesian decision support for complex systems with many distributed
   experts}},
Journal = {{ANNALS OF OPERATIONS RESEARCH}},
Year = {{2015}},
Volume = {{235}},
Number = {{1}},
Pages = {{517-542}},
Month = {12},
DOI = {{10.1007/s10479-015-1957-7}},
ISSN = {{0254-5330}},
EISSN = {{1572-9338}},
ORCID-Numbers = {{Leonelli, Manuele/0000-0002-2562-5192}},
Times-Cited = {{4}},
Unique-ID = {{ISI:000365867100023}},
}

@article{ ISI:000357816400004,
Author = {Legerstee, Rianne and Franses, Philip Hans},
Title = {{Does Disagreement Amongst Forecasters Have Predictive Value?}},
Journal = {{JOURNAL OF FORECASTING}},
Year = {{2015}},
Volume = {{34}},
Number = {{4}},
Pages = {{290-302}},
Month = {7},
DOI = {{10.1002/for.2330}},
ISSN = {{0277-6693}},
EISSN = {{1099-131X}},
Times-Cited = {{1}},
Unique-ID = {{ISI:000357816400004}},
}

@article{howe2006rise,
  title={The {R}ise of {C}rowdsourcing},
  author={Howe, Jeff},
  shortauthor = {How},
  journal={Wired magazine},
  volume={14},
  number={6},
  pages={1--4},
  url={https://www.wired.com/2006/06/crowds/},
  year={2006}
}

@article{wolpert1992stacked,
  title={Stacked generalization},
  author={Wolpert, David H},
  shortauthor = {Wol},
  journal={Neural Networks},
  volume={5},
  number={2},
  pages={241--259},
  year={1992},
  doi={/10.1016/S0893-6080(05)80023-1},
  publisher={Elsevier}
}


@article{wang2011comparative,
  title={A comparative assessment of ensemble learning for credit scoring},
  author={Wang, Gang and Hao, Jinxing and Ma, Jian and Jiang, Hongbing},
  shortauthor = {Wan},
  journal={Expert Systems with Applications},
  volume={38},
  number={1},
  pages={223--230},
  year={2011},
  doi={10.1016/j.eswa.2010.06.048},
  publisher={Elsevier}
}

@incollection{che2011decision,
  title={{D}ecision {T}ree and {E}nsemble {L}earning {A}lgorithms with {T}heir {A}pplications in {B}ioinformatics},
  author={Che, Dongsheng and Liu, Qi and Rasheed, Khaled and Tao, Xiuping},
  shortauthor = {Che},
  booktitle={Software {T}ools and {A}lgorithms for {B}iological {S}ystems},
  pages={191--199},
  year={2011},
  doi={10.1007/978-1-4419-7046-6_19},
  publisher={Springer}
}

@inproceedings{sakkis2001stacking,
  title={Stacking {C}lassifiers for {A}nti-{S}pam {F}iltering of {E}-{M}ail},
  author={Sakkis, Georgios and Androutsopoulos, Ion and Paliouras, Georgios and Karkaletsis, Vangelis and Spyropoulos, Constantine D and Stamatopoulos, Panagiotis},
  shortauthor = {Sak},
  booktitle={{P}roceedings of the 2001 {C}onference on {E}mpirical {M}ethods in {N}atural {L}anguage {P}rocessing},
  year={2001},
  url = {https://www.aclweb.org/anthology/W01-0506}
}

@inproceedings{syarif2012application,
  title={Application of {B}agging, {B}oosting and {S}tacking to {I}ntrusion {D}etection},
  author={Syarif, Iwan and Zaluska, Ed and Prugel-Bennett, Adam and Wills, Gary}, 
  shortauthor = {Sya},
  booktitle={{I}nternational {W}orkshop on {M}achine {L}earning and {D}ata {M}ining in {P}attern {R}ecognition},
  pages={593--602},
  year={2012},
  doi={10.1007/978-3-642-31537-4_46},
  organization={Springer}
}


@article{dvzeroski2004combining,
  title={Is combining classifiers with stacking better than selecting the best one?},
  author={D{\v{z}}eroski, Saso and {\v{Z}}enko, Bernard},
  shortauthor = {Dze},
  journal={Machine learning},
  volume={54},
  number={3},
  pages={255--273},
  year={2004},
  doi={0.1023/B:MACH.0000015881.36452.6},
  publisher={Springer}
}

@article{ting1999issues,
  title={{I}ssues in {S}tacked {G}eneralization},
  author={Ting, Kai Ming and Witten, Ian H},
  shortauthor = {Tin},
  journal={Journal of Artificial Intelligence Research},
  volume={10},
  pages={271--289},
  year={1999},
  doi={10.1613/jair.594}
}

%need to find this one
@inproceedings{ ISI:000380543400053,
Author = {Krikstolaitis, R. and Lutynska, A. E. and Peciulyte, S. and Zutautaite,
   I.},
   shortauthor = {Kri},
Editor = {{Nowakowski, T and Mlynczak, M and JodejkoPietruczuk, A and WerbinskaWojciechowska, S}},
Title = {{Involvement of expert judgement in dynamic model}},
Booktitle = {{Safety and Reliability: Methodology and Applications}},
Year = {{2015}},
Pages = {{393-397}},
Note = {{PROCEEDINGS OF THE EUROPEAN SAFETY AND RELIABILITY CONFERENCE (ESREL),
   Wroclaw, POLAND, SEP 14-18, 2014}},
ISBN = {{978-1-315-73697-6; 978-1-138-02681-0}},
ORCID-Numbers = {{Krikstolaitis, Ricardas/0000-0001-9556-4121
   Zutautaite, Inga/0000-0002-6073-2823}},
Times-Cited = {{0}},
Unique-ID = {{ISI:000380543400053}},
}

@article{ ISI:000344321900016,
Author = {Billari, Francesco C. and Graziani, Rebecca and Melilli, Eugenio},
shortauthor = {Bil},
Title = {{Stochastic Population Forecasting Based on Combinations of Expert
   Evaluations Within the Bayesian Paradigm}},
Journal = {{DEMOGRAPHY}},
Year = {{2014}},
Volume = {{51}},
Number = {{5}},
Pages = {{1933-1954}},
Month = {10},
DOI = {{10.1007/s13524-014-0318-5}},
ISSN = {{0070-3370}},
EISSN = {{1533-7790}},
ORCID-Numbers = {{Billari, Francesco C./0000-0003-4717-6129}},
Times-Cited = {{7}},
Unique-ID = {{ISI:000344321900016}},
}

@article{ ISI:000342407200025,
Author = {Satopaa, Ville A. and Jensen, Shane T. and Mellers, Barbara A. and
   Tetlock, Philip E. and Ungar, Lyle H.},
shortauthor = {Sat},
Title = {{PROBABILITY AGGREGATION IN TIME-SERIES: DYNAMIC HIERARCHICAL MODELING OF
   SPARSE EXPERT BELIEFS}},
Journal = {{ANNALS OF APPLIED STATISTICS}},
Year = {{2014}},
Volume = {{8}},
Number = {{2}},
Pages = {{1256-1280}},
Month = {6},
DOI = {{10.1214/14-AOAS739}},
ISSN = {{1932-6157}},
Times-Cited = {{7}},
Unique-ID = {{ISI:000342407200025}},
}

@article{ ISI:000333142900001,
Author = {Kenny, Geoff and Kostka, Thomas and Masera, Federico},
shortauthor = {Ken},
Title = {{How Informative are the Subjective Density Forecasts of Macroeconomists?}},
Journal = {{JOURNAL OF FORECASTING}},
Year = {{2014}},
Volume = {{33}},
Number = {{3}},
Pages = {{163-185}},
Month = {4},
DOI = {{10.1002/for.2281}},
ISSN = {{0277-6693}},
EISSN = {{1099-131X}},
Times-Cited = {{6}},
Unique-ID = {{ISI:000333142900001}},
}

@article{ ISI:000328443900014,
Author = {Navarro-Barrientos, J. -Emeterio and Armbruster, Dieter and Li, Hongmin
   and Dempsey, Morgan and Kempf, Karl G.},
shortauthor = {Nav},
Title = {{Characterization and analysis of sales data for the semiconductor
   market: An expert system approach}},
Journal = {{EXPERT SYSTEMS WITH APPLICATIONS}},
Year = {{2014}},
Volume = {{41}},
Number = {{3, SI}},
Pages = {{893-903}},
Month = {2},
DOI = {{10.1016/j.eswa.2013.08.020}},
ISSN = {{0957-4174}},
EISSN = {{1873-6793}},
Times-Cited = {{2}},
Unique-ID = {{ISI:000328443900014}},
}

@article{ ISI:000327676900001,
Author = {Sarin, Rakesh K.},
shortauthor = {Sar},
Title = {{Median Aggregation, Scoring Rules, Expert Forecasts, Choices with Binary
   Attributes, Portfolio with Dependent Projects, and Information Security}},
Journal = {{Decision Analysis}},
Year = {{2013}},
Volume = {{10}},
Number = {{4}},
Pages = {{277-278}},
Month = {12},
DOI = {{10.1287/deca.2013.0284}},
ISSN = {{1545-8490}},
EISSN = {{1545-8504}},
Times-Cited = {{1}},
Unique-ID = {{ISI:000327676900001}},
}

@article{ ISI:000327676900004,
Author = {Karvetski, Christopher W. and Olson, Kenneth C. and Mandel, David R. and
   Twardy, Charles R.},
shortauthor = {Kar},
Title = {{Probabilistic Coherence Weighting for Optimizing Expert Forecasts}},
Journal = {{DECISION ANALYSIS}},
Year = {{2013}},
Volume = {{10}},
Number = {{4}},
Pages = {{305-326}},
Month = {12},
DOI = {{10.1287/deca.2013.0279}},
ISSN = {{1545-8490}},
EISSN = {{1545-8504}},
ORCID-Numbers = {{Mandel, David/0000-0003-1036-2286}},
Times-Cited = {{12}},
Unique-ID = {{ISI:000327676900004}},
}

@article{ ISI:000322221400013,
Author = {Savelli, Sonia and Joslyn, Susan},
shortauthor = {Sav},
Title = {{The Advantages of Predictive Interval Forecasts for Non-Expert Users and
   the Impact of Visualizations}},
Journal = {{APPLIED COGNITIVE PSYCHOLOGY}},
Year = {{2013}},
Volume = {{27}},
Number = {{4}},
Pages = {{527-541}},
Month = {7},
DOI = {{10.1002/acp.2932}},
ISSN = {{0888-4080}},
Times-Cited = {{22}},
Unique-ID = {{ISI:000322221400013}},
}

@article{ ISI:000321603000008,
Author = {Lichtendahl, Jr., Kenneth C. and Grushka-Cockayne, Yael and Winkler,
   Robert L.},
   shortauthor = {Lic},
Title = {{Is It Better to Average Probabilities or Quantiles?}},
Journal = {{MANAGEMENT SCIENCE}},
Year = {{2013}},
Volume = {{59}},
Number = {{7}},
Pages = {{1594-1611}},
Month = {7},
DOI = {{10.1287/mnsc.1120.1667}},
ISSN = {{0025-1909}},
Times-Cited = {{21}},
Unique-ID = {{ISI:000321603000008}},
}

% need to find
@inproceedings{ ISI:000337804600078,
Author = {Goto, Junichi and Kawamura, Hideki and Chapman, Neil},
shortauthor = {Got},
Book-Group-Author = {{ASME}},
Title = {{TECTONIC RISK FORECASTING THROUGH EXPERT ELICITATION FOR GEOLOGICAL
   REPOSITORIES: THE TOPAZ PROJECT}},
Booktitle = {{ASME 2013 15TH INTERNATIONAL CONFERENCE ON ENVIRONMENTAL REMEDIATION AND
   RADIOACTIVE WASTE MANAGEMENT, VOL 1: LOW/INTERMEDIATE-LEVEL RADIOACTIVE
   WASTE MANAGEMENT; SPENT FUEL, FISSILE MATERIAL, TRANSURANIC AND
   HIGH-LEVEL RADIOACTIVE WASTE MANAGEMENT}},
Year = {{2013}},
Note = {{ASME 15th International Conference on Environmental Remediation and
   Radioactive Waste Management, Brussels, BELGIUM, SEP 08-12, 2013}},
DOI = {{10.1115/ICEM2013-96096}},
ISBN = {{978-0-7918-5601-7}},
Times-Cited = {{0}},
Unique-ID = {{ISI:000337804600078}},
}

@article{ ISI:000324343100006,
Author = {Zhang, Chi and Wang, Hong and Wang, Hong and Wu, Mian-Hong},
shortauthor = {Zha},
Title = {{EEG-based expert system using complexity measures and probability
   density function control in alpha sub-band}},
Journal = {{INTEGRATED COMPUTER-AIDED ENGINEERING}},
Year = {{2013}},
Volume = {{20}},
Number = {{4}},
Pages = {{391-405}},
DOI = {{10.3233/ICA-130439}},
ISSN = {{1069-2509}},
EISSN = {{1875-8835}},
Times-Cited = {{27}},
Unique-ID = {{ISI:000324343100006}},
}

%ecological
@article{ ISI:000313593200011,
Author = {Pappenberger, Florian and Stephens, Elisabeth and Thielen, Jutta and
   Salamon, Peter and Demeritt, David and vanAndel, Schalk Jan and
   Wetterhall, Fredrik and Alfieri, Lorenzo},
shortauthor = {Pap},
Title = {{Visualizing probabilistic flood forecast information: expert preferences
   and perceptions of best practice in uncertainty communication}},
Journal = {{HYDROLOGICAL PROCESSES}},
Year = {{2013}},
Volume = {{27}},
Number = {{1, SI}},
Pages = {{132-146}},
Month = {1},
DOI = {{10.1002/hyp.9253}},
ISSN = {{0885-6087}},
EISSN = {{1099-1085}},
ResearcherID-Numbers = {{Pappenberger, Florian/A-2839-2009
   Wetterhall, Fredrik/I-2374-2012
   van Andel, Schalk Jan/M-9052-2013
   Stephens, Elisabeth/B-6344-2013
   }},
ORCID-Numbers = {{Pappenberger, Florian/0000-0003-1766-2898
   Wetterhall, Fredrik/0000-0001-5331-9064
   van Andel, Schalk Jan/0000-0003-0804-4203
   Stephens, Elisabeth/0000-0002-5439-7563
   Alfieri, Lorenzo/0000-0002-3616-386X
   Demeritt, David/0000-0002-2030-0807}},
Times-Cited = {{48}},
Unique-ID = {{ISI:000313593200011}},
}

%need to find
@inproceedings{ ISI:000349838400046,
Author = {Merrick, Jason R. W.},
shortauthor = {Mer},
Book-Group-Author = {{IEEE}},
Title = {{AGGREGATION OF FORECASTS FROM MULTIPLE SIMULATION MODELS}},
Booktitle = {{2013 WINTER SIMULATION CONFERENCE (WSC)}},
Series = {{Winter Simulation Conference Proceedings}},
Year = {{2013}},
Pages = {{533-542}},
Note = {{Winter Simulation Conference on Simulation - Making Decisions in a
   Complex World, Washington, DC, DEC 08-11, 2013}},
ISSN = {{0891-7736}},
ISBN = {{978-1-4799-3950-3; 978-1-4799-2077-8}},
Times-Cited = {{2}},
Unique-ID = {{ISI:000349838400046}},
}

%need to find
@article{ ISI:000322560200002,
Author = {Haarig, Frederik and Blase, Torsten and Sedlmeier, Peter},
shortauthor = {Haa},
Title = {{Predicting Recidivism of Sexual Offenders How good are expert opinions,
   and how can they be improved?}},
Journal = {{MONATSSCHRIFT FUR KRIMINOLOGIE UND STRAFRECHTSREFORM}},
Year = {{2012}},
Volume = {{95}},
Number = {{6}},
Pages = {{392-412}},
Month = {12},
ISSN = {{0026-9301}},
Times-Cited = {{1}},
Unique-ID = {{ISI:000322560200002}},
}

%ecological
@article{ ISI:000312526500010,
Author = {McDaniels, Timothy and Mills, Tamsin and Gregory, Robin and Ohlson, Dan},
shortauthor = {McD},
Title = {{Using Expert Judgments to Explore Robust Alternatives for Forest
   Management under Climate Change}},
Journal = {{Risk Analysis}},
Year = {{2012}},
Volume = {{32}},
Number = {{12}},
Pages = {{2098-2112}},
Month = {12},
DOI = {{10.1111/j.1539-6924.2012.01822.x}},
ISSN = {{0272-4332}},
Times-Cited = {{14}},
Unique-ID = {{ISI:000312526500010}},
}

@article{ ISI:000306299900043,
Author = {Kociecki, Andrzej and Kolasa, Marcin and Rubaszek, Michal},
Title = {{A Bayesian method of combining judgmental and model-based density
   forecasts}},
shortauthor = {Koc},
Journal = {{ECONOMIC MODELLING}},
Year = {{2012}},
Volume = {{29}},
Number = {{4}},
Pages = {{1349-1355}},
Month = {7},
DOI = {{10.1016/j.econmod.2012.03.004}},
ISSN = {{0264-9993}},
ORCID-Numbers = {{Kolasa, Marcin/0000-0003-4252-4622
   Rubaszek, Michal/0000-0002-0668-9537}},
Times-Cited = {{3}},
Unique-ID = {{ISI:000306299900043}},
}

@article{ ISI:000301315400023,
Author = {Kelly, David L. and Letson, David and Nelson, Forrest and Nolan, David
   S. and Solis, Daniel},
shortauthor = {Kel},
Title = {{Evolution of subjective hurricane risk perceptions: A Bayesian approach}},
Journal = {{JOURNAL OF ECONOMIC BEHAVIOR \& ORGANIZATION}},
Year = {{2012}},
Volume = {{81}},
Number = {{2}},
Pages = {{644-663}},
Month = {2},
DOI = {{10.1016/j.jebo.2011.10.004}},
ISSN = {{0167-2681}},
ResearcherID-Numbers = {{Kelly, David/D-1398-2013
   Solis, Daniel/B-1031-2009}},
ORCID-Numbers = {{Solis, Daniel/0000-0002-7322-7201}},
Times-Cited = {{10}},
Unique-ID = {{ISI:000301315400023}},
}

@article{ ISI:000305576400001,
Author = {Johnstone, D. J.},
shortauthor = {Joh},
Title = {{Log-optimal economic evaluation of probability forecasts}},
Journal = {{JOURNAL OF THE ROYAL STATISTICAL SOCIETY SERIES A-STATISTICS IN SOCIETY}},
Year = {{2012}},
Volume = {{175}},
Number = {{3}},
Pages = {{661-689}},
DOI = {{10.1111/j.1467-985X.2011.01011.x}},
ISSN = {{0964-1998}},
Times-Cited = {{4}},
Unique-ID = {{ISI:000305576400001}},
}

@article{ ISI:000301535600009,
Author = {Billari, F. C. and Graziani, R. and Melilli, E.},
shortauthor = {Bil},
Title = {{Stochastic population forecasts based on conditional expert opinions}},
Journal = {{JOURNAL OF THE ROYAL STATISTICAL SOCIETY SERIES A-STATISTICS IN SOCIETY}},
Year = {{2012}},
Volume = {{175}},
Number = {{2}},
Pages = {{491-511}},
DOI = {{10.1111/j.1467-985X.2011.01015.x}},
ISSN = {{0964-1998}},
EISSN = {{1467-985X}},
ORCID-Numbers = {{Billari, Francesco C./0000-0003-4717-6129}},
Times-Cited = {{5}},
Unique-ID = {{ISI:000301535600009}},
}

%need to find
@inproceedings{ ISI:000392426503024,
Author = {Garcez, T. V. and de Almeida-Filho, A. T. and de Almeida, A. T.},
shortauthor = {Gar},
Editor = {{Berenguer, C and Grall, A and Soares, CG}},
Title = {{Procedures for aggregating experts' knowledge and group decision model
   approaches}},
Booktitle = {{ADVANCES IN SAFETY, RELIABILITY AND RISK MANAGEMENT}},
Year = {{2012}},
Pages = {{2176-2182}},
Note = {{European Safety And Reliability Conference (ESREL), FRANCE, SEP 18-22,
   2011}},
ISBN = {{978-0-203-13510-5; 978-0-415-68379-1}},
ORCID-Numbers = {{de Almeida, Adiel/0000-0002-2757-1968
   Garcez, Thalles/0000-0001-8155-1768}},
Times-Cited = {{0}},
Unique-ID = {{ISI:000392426503024}},
}

@article{ ISI:000298009900002,
Author = {Johnstone, David J. and Jose, Victor Richmond R. and Winkler, Robert L.},
shortauthor = {Joh},
Title = {{Tailored Scoring Rules for Probabilities}},
Journal = {{DECISION ANALYSIS}},
Year = {{2011}},
Volume = {{8}},
Number = {{4}},
Pages = {{256-268}},
Month = {12},
DOI = {{10.1287/deca.1110.0216}},
ISSN = {{1545-8490}},
ORCID-Numbers = {{Jose, Victor Richmond/0000-0001-8078-368X}},
Times-Cited = {{12}},
Unique-ID = {{ISI:000298009900002}},
}

@article{ ISI:000293836700003,
Author = {Bell, Martin and Wilson, Tom and Charles-Edwards, Elin},
shortauthor = {Bel},
Title = {{Australia's Population Future: Probabilistic Forecasts Incorporating
   Expert Judgement}},
Journal = {{GEOGRAPHICAL RESEARCH}},
Year = {{2011}},
Volume = {{49}},
Number = {{3, SI}},
Pages = {{261-275}},
Month = {8},
DOI = {{10.1111/j.1745-5871.2011.00702.x}},
ISSN = {{1745-5863}},
EISSN = {{1745-5871}},
ORCID-Numbers = {{Wilson, Tom/0000-0001-8812-7556
   Charles-Edwards, Elin/0000-0003-2580-207X}},
Times-Cited = {{12}},
Unique-ID = {{ISI:000293836700003}},
}

@article{ ISI:000293286500066,
Author = {Burgman, Mark A. and McBride, Marissa and Ashton, Raquel and
   Speirs-Bridge, Andrew and Flander, Louisa and Wintle, Bonnie and Fidler,
   Fiona and Rumpff, Libby and Twardy, Charles},
shortauthor = {Bur},
Title = {{Expert Status and Performance}},
Journal = {{PLOS ONE}},
Year = {{2011}},
Volume = {{6}},
Number = {{7}},
Month = {7},
DOI = {{10.1371/journal.pone.0022998}},
Article-Number = {{e22998}},
ISSN = {{1932-6203}},
ResearcherID-Numbers = {{McBride, Marissa/D-5573-2009
   }},
ORCID-Numbers = {{Rumpff, Libby/0000-0001-9400-8086
   Flander, Louisa/0000-0003-0824-9364
   McBride, Marissa/0000-0002-7498-292X}},
Times-Cited = {{86}},
Unique-ID = {{ISI:000293286500066}},
}

@article{ ISI:000284567000001,
Author = {Le Cadre, Helene and Bouhtou, Mustapha},
shortauthor = {LeC},
Title = {{An interconnection game between mobile network operators Hidden
   information forecasting using expert advice fusion}},
Journal = {{COMPUTER NETWORKS}},
Year = {{2010}},
Volume = {{54}},
Number = {{17}},
Pages = {{2913-2942}},
Month = {12},
DOI = {{10.1016/j.comnet.2010.05.007}},
ISSN = {{1389-1286}},
Times-Cited = {{2}},
Unique-ID = {{ISI:000284567000001}},
}

%economics
@article{ ISI:000280323200006,
Author = {van Elk, Jan F. and Gupta, Ritu and Wann, David},
shortauthor = {Elk},
Title = {{Probabilistic Aggregation of Oil and Gas Field Resource Estimates and
   Project Portfolio Analysis}},
Journal = {{SPE RESERVOIR EVALUATION \& ENGINEERING}},
Year = {{2010}},
Volume = {{13}},
Number = {{1}},
Pages = {{72-81}},
Month = {2},
DOI = {{10.2118/116395-PA}},
ISSN = {{1094-6470}},
Times-Cited = {{2}},
Unique-ID = {{ISI:000280323200006}},
}

% need to find 
@inproceedings{ ISI:000280121900002,
Author = {Merkle, Edgar C.},
shortauthor = {Mer},
Editor = {{Chai, SK and Salerno, JJ and Mabry, PL}},
Title = {{Calibrating Subjective Probabilities Using Hierarchical Bayesian Models}},
Booktitle = {{ADVANCES IN SOCIAL COMPUTING, PROCEEDINGS}},
Series = {{Lecture Notes in Computer Science}},
Year = {{2010}},
Volume = {{6007}},
Pages = {{13-22}},
Note = {{3rd International Workshop on Social Computing, Behavioral Modeling and
   Prediction, Bethesda, MD, MAR 30-31, 2010}},
ISSN = {{0302-9743}},
ISBN = {{978-3-642-12078-7}},
ORCID-Numbers = {{Merkle, Edgar/0000-0001-7158-0653}},
Times-Cited = {{5}},
Unique-ID = {{ISI:000280121900002}},
}

%need to find
@article{ ISI:000281853600008,
Author = {Carvalho, Alexandre X. and Skoulakis, Georgios},
shortauthor = {Car},
Title = {{Time Series Mixtures of Generalized t Experts: ML Estimation and an
   Application to Stock Return Density Forecasting}},
Journal = {{ECONOMETRIC REVIEWS}},
Year = {{2010}},
Volume = {{29}},
Number = {{5-6}},
Pages = {{642-687}},
DOI = {{10.1080/07474938.2010.481987}},
Article-Number = {{PII 926951458}},
ISSN = {{0747-4938}},
Times-Cited = {{1}},
Unique-ID = {{ISI:000281853600008}},
}

@article{ ISI:000277651300006,
Author = {Marmier, Francois and Cheikhrouhou, Naoufel},
shortauthor = {Mar},
Title = {{Structuring and integrating human knowledge in demand forecasting: a
   judgemental adjustment approach}},
Journal = {{PRODUCTION PLANNING \& CONTROL}},
Year = {{2010}},
Volume = {{21}},
Number = {{4}},
Pages = {{399-412}},
DOI = {{10.1080/09537280903454149}},
Article-Number = {{PII 921487900}},
ISSN = {{0953-7287}},
EISSN = {{1366-5871}},
ResearcherID-Numbers = {{Marmier, Francois/C-7841-2013
   Cheikhrouhou, Naoufel/F-5677-2014}},
ORCID-Numbers = {{Marmier, Francois/0000-0001-9264-293X
   Cheikhrouhou, Naoufel/0000-0003-2497-2528}},
Times-Cited = {{7}},
Unique-ID = {{ISI:000277651300006}},
}

@article{ ISI:000269412800004,
Author = {Faulkner, Margaret and Corkindale, David R.},
shortauthor = {Fau},
Title = {{Are experts better than potential users in predicting the uptake of an
   innovation? Extending the use of the Juster Scale}},
Journal = {{TECHNOLOGICAL FORECASTING AND SOCIAL CHANGE}},
Year = {{2009}},
Volume = {{76}},
Number = {{7}},
Pages = {{910-916}},
Month = {9},
DOI = {{10.1016/j.techfore.2008.11.001}},
ISSN = {{0040-1625}},
EISSN = {{1873-5509}},
ResearcherID-Numbers = {{Corkindale, David/H-9574-2012
   Faulkner, Margaret/F-3975-2013}},
ORCID-Numbers = {{Corkindale, David/0000-0002-0106-2954
   Faulkner, Margaret/0000-0002-6643-5600}},
Times-Cited = {{5}},
Unique-ID = {{ISI:000269412800004}},
}

@article{ ISI:000261941400021,
Author = {Hovanov, Nikolai and Yudaeva, Maria and Hovanov, Kirill},
shortauthor = {Hov},
Title = {{Multicriteria estimation of probabilities on basis of expert
   non-numeric, non-exact and non-complete knowledge}},
Journal = {{EUROPEAN JOURNAL OF OPERATIONAL RESEARCH}},
Year = {{2009}},
Volume = {{195}},
Number = {{3}},
Pages = {{857-863}},
Month = {6},
Note = {{International Conference on Creativity and Innovation in Decision Making
   and Decision Support, London Sch Econ, London, ENGLAND, JUN 28-JUL 01,
   2006}},
DOI = {{10.1016/j.ejor.2007.11.018}},
ISSN = {{0377-2217}},
EISSN = {{1872-6860}},
ResearcherID-Numbers = {{Yudaeva, Maria/H-2152-2015}},
ORCID-Numbers = {{Yudaeva, Maria/0000-0002-2511-3453}},
Times-Cited = {{9}},
Unique-ID = {{ISI:000261941400021}},
}

@article{ ISI:000267100400002,
Author = {Hagedorn, Renate and Smith, Leonard A.},
shortauthor = {Hag},
Title = {{Communicating the value of probabilistic forecasts with weather roulette}},
Journal = {{METEOROLOGICAL APPLICATIONS}},
Year = {{2009}},
Volume = {{16}},
Number = {{2}},
Pages = {{143-155}},
Month = {6},
DOI = {{10.1002/met.92}},
ISSN = {{1350-4827}},
Times-Cited = {{19}},
Unique-ID = {{ISI:000267100400002}},
}

@article{ ISI:000269942700005,
Author = {Bordley, Robert F.},
shortauthor = {Bor},
Title = {{Combining the Opinions of Experts Who Partition Events Differently}},
Journal = {{DECISION ANALYSIS}},
Year = {{2009}},
Volume = {{6}},
Number = {{1}},
Pages = {{38-46}},
Month = {3},
DOI = {{10.1287/deca.1080.0127}},
ISSN = {{1545-8490}},
Times-Cited = {{14}},
Unique-ID = {{ISI:000269942700005}},
}

%need to find
@inproceedings{ ISI:000290045004038,
Author = {Charles, A. and Hudson, D. and Alves, O.},
shortauthor = {Cha},
Editor = {{Anderssen, RS and Braddock, RD and Newham, LTH}},
Title = {{Combining Verification with Probabilistic Forecasts for Decision Making}},
Booktitle = {{18TH WORLD IMACS CONGRESS AND MODSIM09 INTERNATIONAL CONGRESS ON
   MODELLING AND SIMULATION: INTERFACING MODELLING AND SIMULATION WITH
   MATHEMATICAL AND COMPUTATIONAL SCIENCES}},
Year = {{2009}},
Pages = {{4184-4190}},
Note = {{Combined IMACS World Congress/Modelling and Simulation
   Society-of-Australia-and-New-Zealand (MSSANZ)/18th Biennial Conference
   on Modelling and Simulation, Cairns, AUSTRALIA, JUL 13-17, 2009}},
ISBN = {{978-0-9758400-7-8}},
ResearcherID-Numbers = {{Caposaldo, Marica/I-8659-2014}},
Times-Cited = {{0}},
Unique-ID = {{ISI:000290045004038}},
}

@article{ ISI:000257591200020,
Author = {Alexander, Marcus and Christakis, Nicholas A.},
shortauthor = {Ale},
Title = {{Bias and asymmetric loss in expert forecasts: A study of physician
   prognostic behavior with respect to patient survival}},
Journal = {{JOURNAL OF HEALTH ECONOMICS}},
Year = {{2008}},
Volume = {{27}},
Number = {{4}},
Pages = {{1095-1108}},
Month = {7},
DOI = {{10.1016/j.jhealeco.2008.02.011}},
ISSN = {{0167-6296}},
EISSN = {{1879-1646}},
ResearcherID-Numbers = {{Christakis, Nicholas/C-3205-2009
   }},
ORCID-Numbers = {{Alexander, Marcus/0000-0001-8627-7534}},
Times-Cited = {{7}},
Unique-ID = {{ISI:000257591200020}},
}

@article{ ISI:000255137300004,
Author = {Feinberg, Yossi and Stewart, Colin},
shortauthor = {Fei},
Title = {{Testing multiple forecasters}},
Journal = {{ECONOMETRICA}},
Year = {{2008}},
Volume = {{76}},
Number = {{3}},
Pages = {{561-582}},
Month = {5},
DOI = {{10.1111/j.1468-0262.2008.00847.x}},
ISSN = {{0012-9682}},
Times-Cited = {{13}},
Unique-ID = {{ISI:000255137300004}},
}

%need to find
@inproceedings{ ISI:000262473000005,
Author = {Williams, John K. and Ahijevych, David and Dettling, Sue and Steiner,
   Matthias},
shortauthor = {Wil},
Editor = {{Feltz, FW and Murray, JJ}},
Title = {{Combining observations and model data for short-term storm forecasting}},
Booktitle = {{REMOTE SENSING APPLICATIONS FOR AVIATION WEATHER HAZARD DETECTION AND
   DECISION SUPPORT}},
Series = {{Proceedings of SPIE}},
Year = {{2008}},
Volume = {{7088}},
Note = {{Conference on Remote Sensing Applications for Aviation Weather Hazard
   Detection and Decision Support, San Diego, CA, AUG 13-14, 2008}},
DOI = {{10.1117/12.795737}},
Article-Number = {{708805}},
ISSN = {{0277-786X}},
EISSN = {{1996-756X}},
ISBN = {{978-0-8194-7308-0}},
Times-Cited = {{3}},
Unique-ID = {{ISI:000262473000005}},
}


@article{ ISI:000250871900012,
Author = {Sancetta, Alessio},
shortauthor = {San},
Title = {{Online forecast combinations of distributions: Worst case bounds}},
Journal = {{JOURNAL OF ECONOMETRICS}},
Year = {{2007}},
Volume = {{141}},
Number = {{2}},
Pages = {{621-651}},
Month = {12},
DOI = {{10.1016/j.jeconom.2006.10.010}},
ISSN = {{0304-4076}},
Times-Cited = {{7}},
Unique-ID = {{ISI:000250871900012}},
}

@article{ ISI:000250245700003,
Author = {Astebro, Thomas and Koehler, Derek J.},
shortauthor = {Ast},
Title = {{Calibration accuracy of a judgmental process that predicts the
   commercial success of new product ideas}},
Journal = {{JOURNAL OF BEHAVIORAL DECISION MAKING}},
Year = {{2007}},
Volume = {{20}},
Number = {{4}},
Pages = {{381-403}},
Month = {10},
DOI = {{10.1002/bdm.559}},
ISSN = {{0894-3257}},
ORCID-Numbers = {{Astebro, Thomas/0000-0002-8077-7631}},
Times-Cited = {{5}},
Unique-ID = {{ISI:000250245700003}},
}

@article{ ISI:000245309700002,
Author = {Nolte, Ingmar and Pohlmeier, Winfried},
shortauthor = {Nol},
Title = {{Using forecasts of forecasters to forecast}},
Journal = {{INTERNATIONAL JOURNAL OF FORECASTING}},
Year = {{2007}},
Volume = {{23}},
Number = {{1}},
Pages = {{15-28}},
DOI = {{10.1016/j.ijforecast.2006.05.001}},
ISSN = {{0169-2070}},
ResearcherID-Numbers = {{Nolte, Ingmar/N-5642-2015
   Nolte, Ingmar/A-3965-2008}},
ORCID-Numbers = {{Nolte, Ingmar/0000-0002-5065-8201
   }},
Times-Cited = {{12}},
Unique-ID = {{ISI:000245309700002}},
}

@article{ ISI:000230800700011,
Author = {Forrest, D and Goddard, J and Simmons, R},
shortauthor = {For},
Title = {{Odds-setters as forecasters: The case of English football}},
Journal = {{INTERNATIONAL JOURNAL OF FORECASTING}},
Year = {{2005}},
Volume = {{21}},
Number = {{3}},
Pages = {{551-564}},
Month = {7},
DOI = {{10.1016/j.ijforecast.2005.03.003}},
ISSN = {{0169-2070}},
Times-Cited = {{77}},
Unique-ID = {{ISI:000230800700011}},
}

@article{ ISI:000230800700012,
Author = {Andersson, P and Edman, J and Ekman, M},
shortauthor = {And},
Title = {{Predicting the World Cup 2002 in soccer: Performance and confidence of
   experts and non-experts}},
Journal = {{INTERNATIONAL JOURNAL OF FORECASTING}},
Year = {{2005}},
Volume = {{21}},
Number = {{3}},
Pages = {{565-576}},
Month = {7},
Note = {{SPUDM Confernce, Zurich, SWITZERLAND, AUG, 2003}},
DOI = {{10.1016/j.ijforecast.2005.03.004}},
ISSN = {{0169-2070}},
EISSN = {{1872-8200}},
Times-Cited = {{53}},
Unique-ID = {{ISI:000230800700012}},
}

% need to find
@inproceedings{ ISI:000233583800033,
Author = {Vovk, V},
shortauthor = {Vov},
Editor = {{Jain, S and Simon, HU and Tomita, E}},
Title = {{Defensive prediction with expert advice}},
Booktitle = {{ALGORITHMIC LEARNING THEORY}},
Series = {{LECTURE NOTES IN ARTIFICIAL INTELLIGENCE}},
Year = {{2005}},
Volume = {{3734}},
Pages = {{444-458}},
Note = {{16th Annual International Conference on Algorithmic Learning Theory (LAT
   2005), Singapore, SINGAPORE, OCT 08-11, 2005}},
ISSN = {{0302-9743}},
ISBN = {{3-540-29242-X}},
ORCID-Numbers = {{Vovk, Vladimir/0000-0003-2602-6877}},
Times-Cited = {{6}},
Unique-ID = {{ISI:000233583800033}},
}

%need to find
@inproceedings{ ISI:000230769100015,
Author = {Cesa-Bianchi, N and Mansour, Y and Stoltz, G},
shortauthor = {Ces},
Editor = {{Auer, P and Meir, R}},
Title = {{Improved second-order bounds for prediction with expert advice}},
Booktitle = {{LEARNING THEORY, PROCEEDINGS}},
Series = {{LECTURE NOTES IN COMPUTER SCIENCE}},
Year = {{2005}},
Volume = {{3559}},
Pages = {{217-232}},
Note = {{18th Annual Conference on Learning Theory (COLT 2005), Bertinoro, ITALY,
   JUN 27-30, 2005}},
DOI = {{10.1007/11503415\_15}},
ISSN = {{0302-9743}},
ISBN = {{3-540-26556-2}},
ResearcherID-Numbers = {{Cesa-Bianchi, Nicolo/C-3721-2013}},
ORCID-Numbers = {{Cesa-Bianchi, Nicolo/0000-0001-8477-4748}},
Times-Cited = {{5}},
Unique-ID = {{ISI:000230769100015}},
}

@article{ ISI:000220821200002,
Author = {Tichy, G},
shortauthor = {Tic},
Title = {{The over-optimism among experts in assessment and foresight}},
Journal = {{TECHNOLOGICAL FORECASTING AND SOCIAL CHANGE}},
Year = {{2004}},
Volume = {{71}},
Number = {{4}},
Pages = {{341-363}},
Month = {5},
DOI = {{10.1016/j.techfore.2004.01.003}},
ISSN = {{0040-1625}},
Times-Cited = {{57}},
Unique-ID = {{ISI:000220821200002}},
}

@article{ ISI:000168507800006,
Author = {Armstrong, JS and Yokum, JT},
shortauthor = {Arm},
Title = {{Potential diffusion of expert systems in forecasting}},
Journal = {{TECHNOLOGICAL FORECASTING AND SOCIAL CHANGE}},
Year = {{2001}},
Volume = {{67}},
Number = {{1}},
Pages = {{93-103}},
Month = {5},
DOI = {{10.1016/S0040-1625(99)00095-5}},
ISSN = {{0040-1625}},
ORCID-Numbers = {{Armstrong, J. Scott/0000-0003-0108-0471}},
Times-Cited = {{5}},
Unique-ID = {{ISI:000168507800006}},
}

@article{ ISI:000171806500003,
Author = {Petridis, V and Kehagias, A and Petrou, L and Bakirtzis, A and Kiartzis,
   S and Panagiotou, H and Maslaris, N},
Title = {{A Bayesian multiple models combination method for time series prediction}},
Journal = {{JOURNAL OF INTELLIGENT \& ROBOTIC SYSTEMS}},
Year = {{2001}},
Volume = {{31}},
Number = {{1-3}},
Pages = {{69-89}},
DOI = {{10.1023/A:1012061814242}},
ISSN = {{0921-0296}},
ResearcherID-Numbers = {{Bakirtzis, Anastasios/C-1529-2010}},
ORCID-Numbers = {{Bakirtzis, Anastasios/0000-0003-2866-6755}},
Times-Cited = {{38}},
Unique-ID = {{ISI:000171806500003}},
}

@article{ ISI:000167986300008,
Author = {Leskinen, P and Kangas, J},
Title = {{Modelling future timber price development by using expert judgments and
   time series analysis}},
Journal = {{SILVA FENNICA}},
Year = {{2001}},
Volume = {{35}},
Number = {{1}},
Pages = {{93-102}},
DOI = {{10.14214/sf.606}},
ISSN = {{0037-5330}},
EISSN = {{2242-4075}},
Times-Cited = {{10}},
Unique-ID = {{ISI:000167986300008}},
}

@article{ ISI:000088445200009,
Author = {Weigend, AS and Shi, SM},
Title = {{Predicting daily probability distributions of S\&P500 returns}},
Journal = {{JOURNAL OF FORECASTING}},
Year = {{2000}},
Volume = {{19}},
Number = {{4}},
Pages = {{375-392}},
Month = {7},
DOI = {{10.1002/1099-131X(200007)19:4<375::AID-FOR779>3.3.CO;2-L}},
ISSN = {{0277-6693}},
Times-Cited = {{32}},
Unique-ID = {{ISI:000088445200009}},
}

@article{ ISI:000087872000006,
Author = {Budescu, DV and Rantilla, AK},
Title = {{Confidence in aggregation of expert opinions}},
Journal = {{ACTA PSYCHOLOGICA}},
Year = {{2000}},
Volume = {{104}},
Number = {{3}},
Pages = {{371-398}},
Month = {6},
Note = {{17th Research Conference on Subjective Probability Utility and Decision
   Making (SPUDM 17), MANNHEIM, GERMANY, AUG 09-11, 1999}},
DOI = {{10.1016/S0001-6918(00)00037-8}},
ISSN = {{0001-6918}},
Times-Cited = {{59}},
Unique-ID = {{ISI:000087872000006}},
}

@article{ ISI:000082562000006,
Author = {Thompson, KM and Segui-Gomez, M and Graham, JD},
Title = {{Validating analytical judgments: the case of the airbag's lifesaving
   effectiveness}},
Journal = {{RELIABILITY ENGINEERING \& SYSTEM SAFETY}},
Year = {{1999}},
Volume = {{66}},
Number = {{1}},
Pages = {{57-68}},
Month = {10},
DOI = {{10.1016/S0951-8320(99)00019-8}},
ISSN = {{0951-8320}},
Times-Cited = {{12}},
Unique-ID = {{ISI:000082562000006}},
}

@article{clemen1986combining,
  title={Combining {E}conomic {F}orecasts},
  author={Clemen, Robert T and Winkler, Robert L},
  shortauthor = {Cle},
  journal={Journal of Business \& Economic Statistics},
  volume={4},
  number={1},
  pages={39--46},
  year={1986},
  doi = {10.2307/1391385},
  publisher={Taylor \& Francis}
}

@article{clemen1989combining,
  title={Combining forecasts: {A} review and annotated bibliography},
  author={Clemen, Robert T},
  shortauthor = {Cle},
  journal={International Journal of Forecasting},
  volume={5},
  number={4},
  pages={559--583},
  year={1989},
  doi={10.1016/0169-2070(89)90012-5},
  publisher={Elsevier}
}

@article{ ISI:000077562000009,
Author = {Carter, LR},
Title = {{Combining probabilistic and subjective assessments of error to provide
   realistic appraisals of demographic forecast uncertainty: Alho's
   approach}},
Journal = {{INTERNATIONAL JOURNAL OF FORECASTING}},
Year = {{1998}},
Volume = {{14}},
Number = {{4}},
Pages = {{523-526}},
Month = {12},
DOI = {{10.1016/S0169-2070(98)00057-0}},
ISSN = {{0169-2070}},
Times-Cited = {{1}},
Unique-ID = {{ISI:000077562000009}},
}

@article{ ISI:000075317000015,
Author = {Haussler, D and Kivinen, J and Warmuth, MK},
Title = {{Sequential prediction of individual sequences under general loss
   functions}},
Journal = {{IEEE TRANSACTIONS ON INFORMATION THEORY}},
Year = {{1998}},
Volume = {{44}},
Number = {{5}},
Pages = {{1906-1925}},
Month = {9},
DOI = {{10.1109/18.705569}},
ISSN = {{0018-9448}},
EISSN = {{1557-9654}},
Times-Cited = {{71}},
Unique-ID = {{ISI:000075317000015}},
}

@inproceedings{ ISI:000084758100258,
Author = {Hofer, E},
Editor = {{Mosleh, A and Bari, RA}},
Title = {{Application of a formal expert judgement methodology to forecast results
   of a fuel-coolant interaction experiment}},
Booktitle = {{PROBABILISTIC SAFETY ASSESSMENT AND MANAGEMENT (PSAM 4), VOLS 1-4}},
Year = {{1998}},
Pages = {{1705-1710}},
Note = {{4th International Conference on Probabilistic Safety Assessment and
   Management, NEW YORK, NY, SEP 13-18, 1998}},
ISBN = {{3-540-76262-0}},
Times-Cited = {{0}},
Unique-ID = {{ISI:000084758100258}},
}

@article{ ISI:A1997YJ84200007,
Author = {WilkieThomson, ME and OnkalAtay, D and Pollock, AC},
Title = {{Currency forecasting: an investigation of extrapolative judgement}},
Journal = {{INTERNATIONAL JOURNAL OF FORECASTING}},
Year = {{1997}},
Volume = {{13}},
Number = {{4}},
Pages = {{509-526}},
Month = {12},
DOI = {{10.1016/S0169-2070(97)00036-8}},
ISSN = {{0169-2070}},
Times-Cited = {{6}},
Unique-ID = {{ISI:A1997YJ84200007}},
}

@article{ ISI:A1997XA69200003,
Author = {Stewart, TR and Roebber, PJ and Bosart, LF},
Title = {{The importance of the task in analyzing expert judgment}},
Journal = {{ORGANIZATIONAL BEHAVIOR AND HUMAN DECISION PROCESSES}},
Year = {{1997}},
Volume = {{69}},
Number = {{3}},
Pages = {{205-219}},
Month = {3},
DOI = {{10.1006/obhd.1997.2682}},
ISSN = {{0749-5978}},
Times-Cited = {{56}},
Unique-ID = {{ISI:A1997XA69200003}},
}

@article{ ISI:A1996VZ04300007,
Author = {Weigend, AS},
Title = {{Time series analysis and prediction using gated experts with application
   to energy demand forecasts}},
Journal = {{APPLIED ARTIFICIAL INTELLIGENCE}},
Year = {{1996}},
Volume = {{10}},
Number = {{6}},
Pages = {{583-624}},
Month = {11},
Note = {{3rd International Conference on Artificial Intelligence Applications on
   Wall Street, NEW YORK, NY, JUN, 1995}},
DOI = {{10.1080/088395196118443}},
ISSN = {{0883-9514}},
Times-Cited = {{3}},
Unique-ID = {{ISI:A1996VZ04300007}},
}

@article{ ISI:A1996VW83900003,
Author = {Jouini, MN and Clemen, RT},
Title = {{Copula models for aggregating expert opinions}},
Journal = {{OPERATIONS RESEARCH}},
Year = {{1996}},
Volume = {{44}},
Number = {{3}},
Pages = {{444-457}},
Month = {5},
DOI = {{10.1287/opre.44.3.444}},
ISSN = {{0030-364X}},
Times-Cited = {{70}},
Unique-ID = {{ISI:A1996VW83900003}},
}

@article{ ISI:A1996UQ69700001,
Author = {Wright, G and Lawrence, MJ and Collopy, F},
Title = {{The role and validity of judgment in forecasting}},
Journal = {{INTERNATIONAL JOURNAL OF FORECASTING}},
Year = {{1996}},
Volume = {{12}},
Number = {{1}},
Pages = {{1-8}},
Month = {3},
DOI = {{10.1016/0169-2070(96)00674-7}},
ISSN = {{0169-2070}},
ResearcherID-Numbers = {{Wright, George/D-8927-2012}},
Times-Cited = {{37}},
Unique-ID = {{ISI:A1996UQ69700001}},
}

@article{ ISI:A1995RT60600001,
Author = {JACOBS, RA},
Title = {{METHODS FOR COMBINING EXPERTS PROBABILITY ASSESSMENTS}},
Journal = {{NEURAL COMPUTATION}},
Year = {{1995}},
Volume = {{7}},
Number = {{5}},
Pages = {{867-888}},
Month = {9},
DOI = {{10.1162/neco.1995.7.5.867}},
ISSN = {{0899-7667}},
ResearcherID-Numbers = {{Jacobs, Robert/B-7670-2013
   }},
ORCID-Numbers = {{Jacobs, Robert/0000-0001-6607-908X}},
Times-Cited = {{175}},
Unique-ID = {{ISI:A1995RT60600001}},
}

@article{ ISI:A1995RC41900005,
Author = {MCCLUNG, DM},
Title = {{USE OF EXPERT KNOWLEDGE IN AVALANCHE FORECASTING}},
Journal = {{DEFENCE SCIENCE JOURNAL}},
Year = {{1995}},
Volume = {{45}},
Number = {{2}},
Pages = {{117-123}},
Month = {4},
DOI = {{10.14429/dsj.45.4110}},
ISSN = {{0011-748X}},
Times-Cited = {{5}},
Unique-ID = {{ISI:A1995RC41900005}},
}

@article{ ISI:A1995RF22700005,
Author = {ABRAMSON, B and FINIZZA, A},
Title = {{PROBABILISTIC FORECASTS FROM PROBABILISTIC MODELS - A CASE-STUDY IN THE
   OIL MARKET}},
Journal = {{INTERNATIONAL JOURNAL OF FORECASTING}},
Year = {{1995}},
Volume = {{11}},
Number = {{1}},
Pages = {{63-72}},
Month = {3},
DOI = {{10.1016/0169-2070(94)02004-9}},
ISSN = {{0169-2070}},
Times-Cited = {{30}},
Unique-ID = {{ISI:A1995RF22700005}},
}

@article{ ISI:A1994QP07300002,
Author = {WRIGHT, MK and STOKES, L and DYER, JS},
Title = {{RELIABILITY AND COHERENCE OF CAUSAL, DIAGNOSTIC, AND JOINT SUBJECTIVE
   PROBABILITIES}},
Journal = {{DECISION SCIENCES}},
Year = {{1994}},
Volume = {{25}},
Number = {{5-6}},
Pages = {{691-709}},
Month = {9},
DOI = {{10.1111/j.1540-5915.1994.tb01866.x}},
ISSN = {{0011-7315}},
Times-Cited = {{2}},
Unique-ID = {{ISI:A1994QP07300002}},
}

@article{ ISI:A1994PJ53400001,
Author = {BOLGER, F and WRIGHT, G},
Title = {{THE QUALITY OF EXPERT PROBABILITY JUDGMENT - ISSUES AND ANALYSIS}},
Journal = {{EXPERT SYSTEMS}},
Year = {{1994}},
Volume = {{11}},
Number = {{3}},
Pages = {{149-158}},
Month = {8},
DOI = {{10.1111/j.1468-0394.1994.tb00321.x}},
ISSN = {{0266-4720}},
ResearcherID-Numbers = {{Wright, George/D-8927-2012}},
Times-Cited = {{4}},
Unique-ID = {{ISI:A1994PJ53400001}},
}

@article{ ISI:A1994MP91400001,
Author = {BOLGER, F and WRIGHT, G},
Title = {{ASSESSING THE QUALITY OF EXPERT JUDGMENT - ISSUES AND ANALYSIS}},
Journal = {{DECISION SUPPORT SYSTEMS}},
Year = {{1994}},
Volume = {{11}},
Number = {{1}},
Pages = {{1-24}},
Month = {1},
DOI = {{10.1016/0167-9236(94)90061-2}},
ISSN = {{0167-9236}},
ResearcherID-Numbers = {{Wright, George/D-8927-2012}},
Times-Cited = {{93}},
Unique-ID = {{ISI:A1994MP91400001}},
}

@inproceedings{ ISI:A1994BC14C00095,
Author = {WAGNER, CG},
Book-Group-Author = {{IEEE}},
Title = {{IMPRECISE PROBABILITY AND EXPERT FORECASTING}},
Booktitle = {{SIXTH INTERNATIONAL CONFERENCE ON TOOLS WITH ARTIFICIAL INTELLIGENCE,
   PROCEEDINGS}},
Series = {{PROCEEDINGS - INTERNATIONAL CONFERENCE ON TOOLS WITH ARTIFICIAL
   INTELLIGENCE}},
Year = {{1994}},
Pages = {{668-671}},
Note = {{6th International Conference on Tools with Artificial Intelligence, NEW
   ORLEANS, LA, NOV 06-09, 1994}},
DOI = {{10.1109/TAI.1994.346430}},
ISSN = {{1082-3409}},
ISBN = {{0-8186-6785-0}},
Times-Cited = {{0}},
Unique-ID = {{ISI:A1994BC14C00095}},
}

@article{ ISI:A1992LF90200003,
Author = {GOLOVCHENKO, VB and NOSKOV, SI},
Title = {{COMBINING FORECASTS WITH EXPERT INFORMATION}},
Journal = {{AUTOMATION AND REMOTE CONTROL}},
Year = {{1992}},
Volume = {{53}},
Number = {{11, 2}},
Pages = {{1746-1753}},
Month = {11},
ISSN = {{0005-1179}},
Times-Cited = {{0}},
Unique-ID = {{ISI:A1992LF90200003}},
}

@article{ ISI:A1992JP89300003,
Author = {ROSENBLUETH, E and ORDAZ, M},
Title = {{COMBINATION OF EXPERT OPINIONS}},
Journal = {{JOURNAL OF SCIENTIFIC \& INDUSTRIAL RESEARCH}},
Year = {{1992}},
Volume = {{51}},
Number = {{8-9}},
Pages = {{572-580}},
Month = {8},
ISSN = {{0022-4456}},
Times-Cited = {{1}},
Unique-ID = {{ISI:A1992JP89300003}},
}

@article{ ISI:A1992JK50700003,
Author = {GOLOVCHENKO, VB},
Title = {{PREDICTION OF A TIME-SERIES ON THE BASIS OF EXPERT PRONOUNCEMENTS}},
Journal = {{SOVIET JOURNAL OF COMPUTER AND SYSTEMS SCIENCES}},
Year = {{1992}},
Volume = {{30}},
Number = {{4}},
Pages = {{39-43}},
Month = {7},
ISSN = {{0882-4002}},
Times-Cited = {{0}},
Unique-ID = {{ISI:A1992JK50700003}},
}

@article{ ISI:A1992HB29200018,
Author = {WEST, M and CROSSE, J},
Title = {{MODELING PROBABILISTIC AGENT OPINION}},
Journal = {{JOURNAL OF THE ROYAL STATISTICAL SOCIETY SERIES B-METHODOLOGICAL}},
Year = {{1992}},
Volume = {{54}},
Number = {{1}},
Pages = {{285-299}},
ISSN = {{0035-9246}},
Times-Cited = {{12}},
Unique-ID = {{ISI:A1992HB29200018}},
}

@article{ ISI:A1992HL62000013,
Author = {WEST, M},
Title = {{MODELING AGENT FORECAST DISTRIBUTIONS}},
Journal = {{JOURNAL OF THE ROYAL STATISTICAL SOCIETY SERIES B-METHODOLOGICAL}},
Year = {{1992}},
Volume = {{54}},
Number = {{2}},
Pages = {{553-567}},
ISSN = {{0035-9246}},
Times-Cited = {{15}},
Unique-ID = {{ISI:A1992HL62000013}},
}

@article{ ISI:A1991GQ92100004,
Author = {EDAMURA, T and KAWAI, T},
Title = {{AN EXPERT SYSTEM FOR FORECASTING ROADSIDE DEVELOPMENT}},
Journal = {{COMPUTERS ENVIRONMENT AND URBAN SYSTEMS}},
Year = {{1991}},
Volume = {{15}},
Number = {{3}},
Pages = {{141-150}},
DOI = {{10.1016/0198-9715(91)90004-W}},
ISSN = {{0198-9715}},
Times-Cited = {{2}},
Unique-ID = {{ISI:A1991GQ92100004}},
}
@article{makridakis1983averages,
  title={Averages of {F}orecasts: Some {E}mpirical {R}esults},
  author={Makridakis, Spyros and Winkler, Robert L},
  journal={Management Science},
  volume={29},
  number={9},
  pages={987--996},
  year={1983},
  url = {https://www.jstor.org/stable/2630927},
  publisher={Informs}
}
@article{genre2013combining,
  title={{C}ombining expert forecasts: {C}an anything beat the simple average?},
  author={Genre, V{\'e}ronique and Kenny, Geoff and Meyler, Aidan and Timmermann, Allan},
  journal={International Journal of Forecasting},
  volume={29},
  number={1},
  pages={108--121},
  year={2013},
  doi={10.1016/j.ijforecast.2012.06.004},
  publisher={Elsevier}
}


@article{lintott2008galaxy,
  title={Galaxy Zoo: {M}orphologies derived from visual inspection of galaxies from the {S}loan {D}igital {S}ky {S}urvey},
  author={Lintott, Chris J and Schawinski, Kevin and Slosar, An{\v{z}}e and Land, Kate and Bamford, Steven and Thomas, Daniel and Raddick, M Jordan and Nichol, Robert C and Szalay, Alex and Andreescu, Dan and others},
  journal={Monthly Notices of the Royal Astronomical Society},
  volume={389},
  number={3},
  pages={1179--1189},
  year={2008},
  doi={10.1111/j.1365-2966.2008.13689.x},
  publisher={Blackwell Publishing Ltd Oxford, UK}
}
@article{prill2011crowdsourcing,
  title={{C}rowdsourcing {N}etwork {I}nference: the {DREAM} {P}redictive {S}ignaling {N}etwork {C}hallenge},
  author={Prill, Robert J and Saez-Rodriguez, Julio and Alexopoulos, Leonidas G and Sorger, Peter K and Stolovitzky, Gustavo},
  year={2011},
  volume={4},
  doi={10.1126/scisignal.2002212},
  journal={Science Signaling},
  publisher={American Association for the Advancement of Science}
}
@article{wang2016statistical,
  title={Statistical methods and computing for big data},
  author={Wang, Chun and Chen, Ming-Hui and Schifano, Elizabeth and Wu, Jing and Yan, Jun},
  shortauthor = {Wan},
  journal={Statistics and its interface},
  volume={9},
  number={4},
  pages={399},
  year={2016},
  doi={10.4310/SII.2016.v9.n4.a1},
  publisher={NIH Public Access}
}

  
@article{kune2016anatomy,
author = {Kune, Raghavendra and Konugurthi, Pramod Kumar and Agarwal, Arun and Chillarige, Raghavendra Rao and Buyya, Rajkumar},
title = {{T}he {A}natomy of {B}ig {D}ata {C}omputing},
shortauthor = {Kun},
year = {2016},
issue_date = {January 2016},
publisher = {John Wiley & Sons, Inc.},
address = {USA},
volume = {46},
number = {1},
issn = {0038-0644},
url = {https://doi.org/10.1002/spe.2374},
doi = {10.1002/spe.2374},
journal = {Softw. Pract. Exper.},
month = jan,
pages = {79â€“105},
numpages = {27},
}


@article{al2015efficient,
  title={Efficient {M}achine {L}earning for {B}ig {D}ata: {A} {R}eview},
  author={Al-Jarrah, Omar Y and Yoo, Paul D and Muhaidat, Sami and Karagiannidis, George K and Taha, Kamal},
  shortauthor = {Jar},
  journal={Big Data Research},
  volume={2},
  number={3},
  pages={87--93},
  year={2015},
  doi={10.1016/j.bdr.2015.04.001},
  publisher={Elsevier}
}

@article{meehl1954clinical,
  title={Clinical versus statistical prediction: A theoretical analysis and a review of the evidence.},
  author={Meehl, Paul E},
  year={1954},
  doi = {10.1037/11281-000},
  publisher={University of Minnesota Press}
}
@article{kleinmuntz1990we,
  title={Why we still use our heads instead of formulas: Toward an integrative approach.},
  author={Kleinmuntz, Benjamin},
  journal={Psychological Bulletin},
  volume={107},
  number={3},
  pages={296},
  year={1990},
  doi={10.1037/0033-2909.107.3.296},
  publisher={American Psychological Association}
}
@article{yaniv1993judgmental,
  title={Judgmental {V}ersus {S}tatistical {P}rediction: {I}nformation {A}symmetry and {C}ombination {R}ules},
  author={Yaniv, Ilan and Hogarth, Robin M},
  journal={Psychological Science},
  volume={4},
  number={1},
  pages={58--62},
  year={1993},
  doi={10.1111/j.1467-9280.1993.tb00558.x},
  publisher={SAGE Publications Sage CA: Los Angeles, CA}
}


@book{brabham2013crowdsourcing,
  title={{C}rowdsourcing},
  author={Brabham, Daren C},
  year={2013},
  publisher={MIT Press}
}

@incollection{abernethy2011collaborative,
title = {A {C}ollaborative {M}echanism for {C}rowdsourcing {P}rediction {P}roblems},
author = {Abernethy, Jacob D and Rafael M. Frongillo},
booktitle = {Advances in Neural Information Processing Systems 24},
editor = {J. Shawe-Taylor and R. S. Zemel and P. L. Bartlett and F. Pereira and K. Q. Weinberger},
pages = {2600--2608},
year = {2011},
publisher = {Curran Associates, Inc.},
url = {http://papers.nips.cc/paper/4382-a-collaborative-mechanism-for-crowdsourcing-prediction-problems.pdf}
}

@inproceedings{forlines2014crowdsourcing,
title = {{C}rowdsourcing the {F}uture: {P}redictions {M}ade with a {S}ocial {N}etwork},
year = {2014},
isbn = {9781450324731},
publisher = {Association for Computing Machinery},
address = {New York, NY, USA},
url = {https://doi.org/10.1145/2556288.2556967},
doi = {10.1145/2556288.2556967},
booktitle = {{P}roceedings of the {SIGCHI} {C}onference on {H}uman {F}actors in {C}omputing {S}ystems},
pages = {3655â€“3664},
numpages = {10},
keywords = {bayesian truth serum, meta-forecast, crowd-sourcing, aggregation, forecasting, social network},
location = {Toronto, Ontario, Canada},
series = {CHI â€™14}
}



@article{moran2016epidemic,
  title={{E}pidemic {F}orecasting is {M}essier {T}han {W}eather {F}orecasting: {T}he {R}ole of {H}uman {B}ehavior and {I}nternet {D}ata {S}treams in {E}pidemic {F}orecast.},
  author={Kelly R. Moran and Geoffrey Fairchild and Nicholas Generous and Kyle S. Hickmann and Dave Osthus and Reid Priedhorsky and James M. Hyman and Sara Y Del Valle},
  journal={The Journal of infectious diseases},
  year={2016},
  volume={214},
  pages={S404-S408},
  doi={10.1093/infdis/jiw375}
}

@article{amara1971some,
  title={Some views on the use of expert judgment},
  author={Amara, Roy C and Lipinski, Andrew J},
  journal={Technological Forecasting and Social Change},
  volume={3},
  pages={279--289},
  year={1971},
  doi = {10.1016/S0040-1625(71)80019-7},
  publisher={Elsevier}
}
@book{o2006uncertain,
  title={Uncertain {J}udgements: {E}liciting {E}xperts' {P}robabilities},
  author={O'Hagan, Anthony and Buck, Caitlin E and Daneshkhah, Alireza and Eiser, J Richard and Garthwaite, Paul H and Jenkinson, David J and Oakley, Jeremy E and Rakow, Tim},
  year={2006},
  doi={10.1002/0470033312},
  publisher={John Wiley \& Sons}
}

@article{dietterich2002ensemble,
  title={Ensemble learning},
  author={Dietterich, Thomas G and others},
  journal={The Handbook of Brain Theory and Neural Networks},
  volume={2},
  pages={110--125},
  year={2002},
  publisher={MIT press Cambridge, MA}
}
@article{capistran2009forecast,
  title={Forecast {C}ombination {W}ith {E}ntry and {E}xit of {E}xperts},
  author={Capistr{\'a}n, Carlos and Timmermann, Allan},
  journal={Journal of Business \& Economic Statistics},
  volume={27},
  number={4},
  pages={428--440},
  year={2009},
  doi={10.1198/jbes.2009.07211},
  publisher={Taylor \& Francis}
}
@techreport{helmer1967analysis,
  title={Analysis of the {F}uture: The {D}elphi {M}ethod},
  author={Helmer, Olaf},
  year={1967},
  month = {3},
  url = {https://www.rand.org/pubs/papers/P3558.html},
  institution={The RAND Corporation}
}
@article{farrington2006nature,
  title={The nature of expertise: {A} review},
  author={Farrington-Darby, Trudi and Wilson, John R},
  journal={Applied Ergonomics},
  volume={37},
  number={1},
  pages={17--32},
  year={2006},
  doi={10.1016/j.apergo.2005.09.001},
  publisher={Elsevier}
}

@article{ericsson2007capturing,
  title={Capturing the {N}aturally {O}ccurring {S}uperior {P}erformance of {E}xperts in the {L}aboratory: {T}oward a {S}cience of {E}xpert and {E}xceptional {P}erformance},
  author={Ericsson, K Anders and Ward, Paul},
  journal={Current Directions in Psychological Science},
  volume={16},
  number={6},
  pages={346--350},
  year={2007},
  doi={10.1111/j.1467-8721.2007.00533.x},
  publisher={SAGE Publications Sage CA: Los Angeles, CA}
}
@article{rikers2005recent,
  title={Recent advances in expertise research},
  author={Rikers, Remy MJP and Paas, Fred},
  journal={Applied Cognitive Psychology},
  volume={19},
  number={2},
  pages={145--149},
  year={2005},
  doi={doi.org/10.1002/acp.1108},
  publisher={Wiley Online Library}
}
@book{de2014thought,
  title={{T}hought and {C}hoice in {C}hess},
  author={{d}e Groot, Adriaan D},
  volume={4},
  year={2014},
  url={https://www.jstor.org/stable/j.ctt46n0r2},
  publisher={Walter de Gruyter GmbH \& Co KG}
}
@inproceedings{rantilla1999aggregation,
  title={Aggregation of {E}xpert {O}pinions},
  author={Rantilla, Adrian K and Budescu, David V},
  booktitle={Proceedings of the 32nd {A}nnual {H}awaii {I}nternational {C}onference on {S}ystems {S}ciences.},
  pages={11--pp},
  year={1999},
  doi={10.1109/HICSS.1999.772751},
  organization={IEEE}
}

@article{wallsten1997evaluating,
  title={Evaluating and {C}ombining {S}ubjective {P}robability {E}stimates},
  author={Wallsten, Thomas S and Budescu, David V and Erev, Ido and Diederich, Adele},
  journal={Journal of Behavioral Decision Making},
  volume={10},
  number={3},
  pages={243--268},
  year={1997},
  doi={10.1002/(SICI)1099-0771(199709)10:3<243::AID-BDM268>3.0.CO;2-M},
  publisher={Wiley Online Library}
}
@article{wallsten1997combining,
  title={Combining linguistic probabilities.},
  author={Wallsten, Thomas S and Budescu, David V and Tsao, Chen Jung},
  journal={Psychologische Beitrage},
  year={1997},
  publisher={Pabst Science Publishers}
}

@article{biggerstaff2016results,
  title={Results from the centers for disease control and preventionâ€™s predict the 2013--2014 Influenza Season Challenge},
  author={Biggerstaff, Matthew and Alper, David and Dredze, Mark and Fox, Spencer and Fung, Isaac Chun-Hai and Hickmann, Kyle S and Lewis, Bryan and Rosenfeld, Roni and Shaman, Jeffrey and Tsou, Ming-Hsiang and others},
  journal={BMC infectious diseases},
  volume={16},
  number={1},
  pages={357},
  year={2016},
  publisher={BioMed Central}
}
@article{biggerstaff2018results,
  title={Results from the second year of a collaborative effort to forecast influenza seasons in the United States},
  author={Biggerstaff, Matthew and Johansson, Michael and Alper, David and Brooks, Logan C and Chakraborty, Prithwish and Farrow, David C and Hyun, Sangwon and Kandula, Sasikiran and McGowan, Craig and Ramakrishnan, Naren and others},
  journal={Epidemics},
  volume={24},
  pages={26--33},
  year={2018},
  publisher={Elsevier}
}
@article{reich2019collaborative,
  title={A collaborative multiyear, multimodel assessment of seasonal influenza forecasting in the United States},
  author={Reich, Nicholas G and Brooks, Logan C and Fox, Spencer J and Kandula, Sasikiran and McGowan, Craig J and Moore, Evan and Osthus, Dave and Ray, Evan L and Tushar, Abhinav and Yamana, Teresa K and others},
  journal={Proceedings of the National Academy of Sciences},
  volume={116},
  number={8},
  pages={3146--3154},
  year={2019},
  publisher={National Acad Sciences}
}
@article{mcgowan2019collaborative,
  title={Collaborative efforts to forecast seasonal influenza in the United States, 2015--2016},
  author={McGowan, Craig J and Biggerstaff, Matthew and Johansson, Michael and Apfeldorf, Karyn M and Ben-Nun, Michal and Brooks, Logan and Convertino, Matteo and Erraguntla, Madhav and Farrow, David C and Freeze, John and others},
  journal={Scientific reports},
  volume={9},
  number={1},
  pages={1--13},
  year={2019},
  publisher={Nature Publishing Group}
}

@article{li2017human,
author = {Li, Guoliang},
title = {Human-in-the-{L}oop {D}ata {I}ntegration},
year = {2017},
issue_date = {August 2017},
publisher = {VLDB Endowment},
volume = {10},
number = {12},
issn = {2150-8097},
url = {https://doi.org/10.14778/3137765.3137833},
doi = {10.14778/3137765.3137833},
journal = {Proc. VLDB Endow.},
month = aug,
pages = {2006â€“2017},
numpages = {12}
}
@article{yu2015lsun,
  title={{LSUN}: {C}onstruction of a {L}arge-scale {I}mage {D}ataset {U}sing {D}eep {L}earning with {H}umans in the {L}oop},
  author={Yu, Fisher and Seff, Ari and Zhang, Yinda and Song, Shuran and Funkhouser, Thomas and Xiao, Jianxiong},
  journal={ArXiv},
  volume={abs/1506.03365},
  year={2015}
}
@article{holzinger2016interactive,
  title={Interactive machine learning for health informatics: when do we need the human-in-the-loop?},
  author={Holzinger, Andreas},
  journal={Brain Informatics},
  volume={3},
  number={2},
  pages={119--131},
  year={2016},
  doi={10.1007/s40708-016-0042-6},
  publisher={Springer}
}


@inproceedings{cranor2008framework,
  title={{A} {F}ramework for {R}easoning about the {H}uman in the {L}oop},
  author={Cranor, Lorrie F},
  year = {2008},
  publisher = {USENIX Association},
  address = {USA},
  booktitle = {Proceedings of the 1st {C}onference on {U}sability, {P}sychology, and {S}ecurity},
  articleno = {Article 1},
  numpages = {15},
  location = {San Francisco, California},
  series = {UPSECâ€™08},
  url={https://www.usenix.org/legacy/event/upsec08/tech/full_papers/cranor/cranor.pdf}
}

@article{murphy1984probability,
  title={Probability {F}orecasting in {M}eteorology},
  author={Murphy, Allan H and Winkler, Robert L},
  journal={Journal of the American Statistical Association},
  volume={79},
  number={387},
  pages={489--500},
  year={1984},
  doi = {10.2307/2288395},
  publisher={Taylor \& Francis}
}

@article{murphy1974subjective,
  title={Subjective probability forecasting experiments in meteorology: Some preliminary results},
  author={Murphy, Allan H and Winkler, Robert L},
  journal={Bulletin of the American Meteorological Society},
  volume={55},
  number={10},
  pages={1206--1216},
  year={1974},
  doi = {10.1175/1520-0477(1974)055<1206:SPFEIM>2.0.CO;2},
  publisher={American Meteorological Society}
}

@article{murphy1974probability,
  title={{p}robability forecasts: {a} survey of {N}ational {W}eather {S}ervice forecasters},
  author={Murphy, Allan H and Winkler, Robert L},
  journal={Bulletin of the American Meteorological Society},
  volume={55},
  number={12},
  pages={1449--1453},
  year={1974},
  url = {https://www.jstor.org/stable/26255518},
  publisher={American Meteorological Society}
}

@article{winkler2019probability,
  title={{P}robability {F}orecasts and {T}heir {C}ombination: {A} {R}esearch {P}erspective},
  author={Winkler, Robert L and Grushka-Cockayne, Yael and Lichtendahl Jr, Kenneth C and Jose, Victor Richmond R},
  journal={Decision Analysis},
  volume={16},
  number={4},
  pages={239--260},
  year={2019},
  doi={10.1287/deca.2019.0391},
  publisher={INFORMS}
}